3322 4462
225 230 264 300 54
413 231 442 279 Ρ.
467 230 582 278 ovum
602 229 931 280 trasumenum
951 231 1109 280 ΒΗΜΛ.

220 381 325 447 Ausus
338 401 372 446 es
383 419 425 432 -
438 402 457 446 ο
471 381 555 446 iusto
568 383 684 447 desunt
697 403 755 447 sua
766 384 857 448 verba
870 384 982 450 dolori!
995 422 1039 436 -·

257 499 352 544 ausus
365 499 398 544 es
413 479 587 543 ‘Aesonia’
603 479 707 545 dicere
723 480 814 545 ‘eede
827 481 952 546 domol’

219 577 308 642 Iussa
320 579 414 642 domo
427 577 514 653 oesei,
531 577 615 642 natis
627 577 777 642 comitata
789 579 908 644 duobus
1247 584 1306 644 135

257 679 301 752 et,
317 675 372 759 qui
386 696 440 740 me
450 675 594 760 sequitur
607 695 739 760 semper,
757 698 858 742 amora
871 677 929 741 tui.

219 775 267 838 Ut
279 774 383 837 subito
397 776 519 837 nostrae
533 773 661 856 Hymen
675 776 818 838 cantatus
830 776 867 838 ad
883 795 971 839 aures

256 870 355 947 venit,
371 874 404 934 et
416 889 545 934 aoeenso
557 871 718 953 lampades
731 871 804 954 igne
815 872 943 948 mieant‚

220 968 356 1052 tbiaque
370 957 508 1032 effundit
521 968 647 1032 socialia
660 969 799 1033 earmina
810 970 907 1047 robis,

257 1069 291 1129 at
306 1065 384 1128 mihi
397 1067 530 1130 funerea
543 1065 696 1130 flebiliora
707 1067 795 1144 tuba,
1248 1070 1306 1132 110

218 1162 367 1248 pertimui
381 1183 439 1227 nee
453 1164 558 1228 adhue
570 1166 699 1228 tantum
714 1165 811 1228 seelus
823 1185 886 1228 esse
899 1166 1063 1247 putabam:

257 1261 311 1325 sed
325 1260 481 1325 tamenin
494 1265 562 1325 tote
575 1264 702 1344 pectore
715 1261 817 1344 frigus
829 1266 903 1326 erat

220 1361 326 1424 Turba
339 1362 440 1423 ruunt
453 1365 487 1422 et
502 1360 672 1441 ‘Hymen'
687 1359 825 1424 clamant
839 1359 1058 1443 ‘Hymenaee’
1072 1361 1271 1444 frequenter:

258 1477 321 1542 quo
333 1457 461 1541 propior
474 1477 535 1522 vox
547 1457 635 1533 haee,
652 1457 713 1521 hoo
726 1457 804 1520 mihi
816 1457 905 1540 peius
917 1462 994 1522 erat.

221 1554 343 1620 Diversi
355 1555 475 1619 flebant
487 1554 568 1620 servi
581 1555 787 1638 lacrimasque
799 1557 952 1639 tegebant.
1247 1561 1305 1620 145

260 1653 337 1731 Quis
350 1654 444 1716 vellet
457 1652 541 1716 tanti
555 1652 690 1716 nuntius
703 1673 768 1723 esse
781 1653 879 1735 mali?

221 1752 273 1815 He
286 1771 420 1834 quoque,
437 1750 587 1833 quiequid
601 1752 679 1826 erat,
695 1750 800 1834 potius
812 1751 928 1814 nescire
940 1751 1084 1815 iuvabat:

258 1849 313 1912 sed
326 1852 489 1931 tamquam
503 1847 625 1923 aeirem,
641 1867 731 1912 meus
744 1869 812 1913 mea
823 1847 921 1912 tristis
933 1851 1008 1927 erat.

222 1947 303 2011 (ium
316 1946 421 2010 minor
433 1964 451 2009 e
464 1945 570 2028 pueris
583 1981 624 1993 —
637 1945 665 2009 is
677 1948 797 2010 traotus
808 1966 911 2010 amore
925 1946 1052 2010 videndi

259 2043 456 2108 oonstititad
470 2042 614 2125 geminae
626 2043 740 2106 limina
752 2044 852 2127 prima
863 2043 991 2108 ioris-
1248 2049 1306 2108 150

223 2143 233 2173 ‘
241 2143 316 2206 Hue
328 2141 420 2216 mihi,
437 2144 547 2218 mater,
564 2139 632 2216 adil
674 2140 824 2224 Pompam
837 2142 943 2224 pater’
957 2141 1065 2224 iuquit
1080 2141 1193 2205 ‘Iason

259 2238 350 2302 dueit
362 2241 395 2302 et
408 2237 575 2302 adiunctos
587 2237 702 2302 aureus
715 2242 806 2320 urget
818 2237 934 2320 equos!

222 2337 370 2400 Protinus
383 2335 516 2399 abscissa
527 2333 636 2417 planxi
650 2354 721 2398 mea
733 2339 857 2417 pectora
869 2338 961 2412 reste,

259 2437 331 2497 tuta
343 2453 402 2496 nee
414 2453 434 2496 a
446 2432 556 2514 digitis
569 2452 624 2495 ora
636 2432 726 2495 fuere
739 2432 824 2496 meis.

222 2531 271 2594 Ire
283 2529 410 2593 animus
422 2529 543 2592 mediae
556 2528 707 2592 suadebat
719 2528 755 2590 in
766 2529 891 2610 agmina
902 2531 1011 2592 turbae

259 2629 402 2709 sertaque
415 2625 597 2708 compositis
610 2626 735 2689 demere
748 2629 836 2708 rapte
849 2627 953 2690 eomis.

222 2723 285 2787 Vix
298 2744 349 2787 me
362 2723 518 2799 continui,
535 2723 613 2805 quin
626 2711 675 2786 uie
684 2723 801 2786 laniata
813 2723 938 2805 capillos

260 2821 443 2884 elemarem:
466 2812 578 2882 ‘Meus
591 2821 657 2883 est’
674 2820 880 2902 iniceremque
892 2840 1013 2883 manus

223 2918 318 3004 Quo
330 2920 431 3000 pater,
446 2917 565 2998 gaude;
587 2917 698 2980 Oolehi
711 2918 843 2998 gaudae
855 2916 970 2980 relietii

261 3014 406 3092 Inferias,
423 3015 553 3078 umbrae
566 3014 684 3090 fratris,
701 3014 820 3090 habete,
836 3016 912 3078 meii

224 3113 364 3187 Deseror,
381 3112 503 3175 amissis
515 3130 614 3193 regno
626 3112 789 3194 patriaque
801 3113 962 3194 domoque,

261 3209 407 3292 coniuge,
424 3209 478 3291 qui
492 3209 583 3272 nobie
595 3209 703 3272 omnia
715 3208 797 3272 eolus
809 3213 884 3273 erat

224 3306 384 3390 Serpentis
397 3305 498 3388 igitur
511 3306 602 3388 potui
616 3309 783 3388 taurosque
794 3306 943 3380 furentes,

261 3424 363 3466 unum
377 3423 443 3467 non
456 3401 547 3486 potui
560 3402 773 3486 perdomuisse
785 3401 895 3467 virum.

225 3503 370 3584 Quaeque
383 3502 467 3565 ieros
480 3501 589 3583 pepuli
602 3500 704 3563 doetis
718 3499 919 3564 medicatibus
931 3500 1030 3582 ignes,

262 3619 329 3663 non
342 3599 430 3663 valeo
444 3599 587 3661 flammas
600 3599 740 3680 effugere
752 3597 818 3680 ipss
830 3617 919 3660 mem.

224 3697 288 3780 Ipsi
302 3716 352 3760 me
366 3700 479 3760 cantus
491 3696 667 3778 herbaeque
680 3701 820 3778 artesque
832 3695 1030 3777 relinquuut3

262 3794 310 3858 nil
323 3795 392 3870 dea,
407 3794 456 3858 nil
470 3795 605 3860 Hecates
618 3814 705 3858 saera
718 3793 853 3876 potantis
865 3785 973 3876 agunt.

224 3893 298 3955 Non
311 3892 390 3956 mihi
403 3896 495 3974 grata
507 3891 584 3967 dies,
601 3895 709 3955 noctes
723 3891 892 3974 vigilantur
903 3902 1036 3966 amarae,

262 3993 296 4053 et
308 3993 397 4053 tener
409 4010 429 4053 a
441 3990 555 4058 misero
568 3991 694 4072 peetore
707 4008 832 4053 somnus
845 3989 918 4053 abit.
