3322 4462
230 235 253 299 4
411 230 448 277 Ῥ.
474 229 590 277 0v1n11
612 229 764 278 NASONIS
785 228 947 276 oenum
966 226 1119 276 fflBOTA.

232 382 365 466 mriget,
381 380 435 445 hie
448 400 573 445 summe
585 381 705 464 piseem
719 381 890 464 deprendit
902 380 937 444 in
949 380 1043 445 ulmo.

229 480 353 564 Figitur
365 480 401 543 in
414 479 521 555 viridi,
537 479 645 543 sisere
659 478 747 555 tulit,
763 498 879 543 encore
891 480 990 560 preto,

228 581 285 644 eut
296 577 435 643 subieete
447 580 559 642 terunt
571 596 686 651 enrsee
699 576 809 640 sinete
820 575 957 653 eurinee;
1002 629 1017 655 ,

227 680 271 752 et,
285 677 379 741 modo
392 695 455 759 qus
468 674 602 759 grsoiles
614 686 747 757 gromen
761 683 903 757 eerpsere
915 673 1061 756 sepellire,

228 794 315 838 nuno
325 773 370 838 ibi
383 773 542 837 deformes
554 777 683 854 ponunt
695 790 753 834 sue
765 791 897 854 eorpors
909 771 1035 855 pheose.

229 872 385 936 Mirantur
400 871 459 934 sub
471 889 554 953 eque
566 869 655 933 lueos
667 870 825 952 urbesque
838 869 1006 953 domosque

229 969 388 1044 Nereides,
404 967 559 1050 siluesque
574 971 685 1030 tenent
698 967 866 1049 delphines
878 967 994 1031 stultis

228 1067 389 1144 ineursent
401 1065 498 1128 remis
511 1064 693 1147 egimtnque
707 1065 819 1128 robore
831 1065 968 1148 pulsent.

229 1164 295 1228 Nat
306 1164 401 1246 lupus
414 1163 501 1226 inter
513 1182 597 1238 oses,
612 1162 720 1225 fulvos
732 1162 823 1226 vehit
836 1164 924 1226 uude
934 1163 1048 1238 leones,

228 1263 314 1340 uude
325 1261 413 1326 vehit
426 1260 534 1343 tigres,
551 1281 610 1324 nee
624 1259 705 1324 vires
718 1259 867 1325 tulminis
879 1279 965 1342 apro,

216 1378 319 1450 grues
331 1379 389 1423 nee
402 1359 508 1423 abluto
520 1362 657 1441 prosunt
672 1358 790 1422 velooie
803 1377 904 1422 oervo.

229 1457 443 1540 Quaesitisque
456 1455 513 1520 diu
527 1454 631 1534 terris,
646 1455 704 1520 ubi
717 1454 826 1520 sistere
839 1459 953 1540 posset,

229 1555 263 1618 in
276 1575 360 1618 mere
373 1553 495 1617 inseetis
508 1553 645 1618 volueris
660 1573 740 1636 vege
752 1553 873 1617 decidit
885 1554 952 1618 elis.

230 1653 384 1718 Obruerat
398 1652 538 1715 tumulos
551 1651 696 1715 inmense
708 1651 840 1716 lieentia
852 1652 952 1734 ponti,

229 1750 457 1833 pulmbsntque
470 1749 546 1813 novi
560 1752 712 1830 montena
725 1750 891 1814 eeeumine
903 1750 1027 1814 fluetus.

230 1847 368 1912 Merime
380 1867 453 1930 pers
466 1847 554 1910 unde
568 1845 706 1929 rupitnr3
728 1847 844 1930 quibus
857 1848 943 1912 unde
954 1848 1103 1931 peperoit,

229 1946 301 2010 illos
312 1946 406 2028 longe
419 1945 553 2008 doment
565 1944 655 2027 inopi
669 1945 789 2009 ieiunie
802 1945 900 2008 vietu.

308 2043 439 2128 &peret
452 2042 573 2106 Aonios
588 2041 713 2107 Oeteeis
727 2043 842 2107 Phoois
858 2044 1000 2120 ubertis,

230 2145 313 2206 terre
324 2143 426 2215 ferax,
442 2140 522 2204 dum
535 2144 621 2204 terre
633 2139 709 2216 fuit,
727 2140 781 2204 sed
796 2147 936 2224 tempore
948 2141 981 2204 in
995 2141 1049 2203 illo

229 2260 302 2322 pers
313 2238 409 2318 meris
421 2242 455 2302 et
467 2239 553 2302 letne
565 2238 745 2302 subitorum
758 2259 890 2322 eompus
902 2258 1060 2322 equorum.

309 2337 402 2400 Mons
414 2335 460 2399 ibi
474 2335 646 2399 verticibus
658 2335 742 2418 petit
754 2337 874 2399 erduno
886 2340 967 2400 estre
979 2335 1111 2411 duobus,

231 2433 357 2497 nomine
370 2433 538 2508 Parnasus,
554 2439 768 2516 superentque
781 2433 945 2497 eueumine
958 2433 1064 2495 nubes

232 2531 295 2593 Hie
306 2529 361 2593 ubi
375 2529 563 2605 Deueeliou,
579 2550 655 2592 nem
668 2533 773 2594 eetere
787 2533 908 2594 texeret
918 2547 1043 2612 sequor,

231 2647 304 2690 oum
315 2630 459 2690 consorte
473 2627 535 2702 tori
548 2647 647 2710 perse
660 2631 728 2691 rete
741 2629 851 2691 neotus
863 2625 1013 2704 edheesit,

233 2724 398 2806 Ooryeidus
411 2724 569 2808 nymphis
581 2729 615 2788 et
628 2724 763 2787 numine
776 2724 895 2787 mentis
906 2725 1038 2806 monet

230 2821 455 2905 fetidieemque
469 2822 620 2898 Themin,
636 2841 717 2904 ques
731 2826 810 2884 tuno
823 2822 925 2884 oreels
937 2820 1071 2886 tenebat
1102 2805 1107 2816 ’

232 2920 306 2984 Non
318 2921 375 2984 ilio
389 2921 500 2984 melior
514 2921 681 3004 quisquem
696 2939 755 2989 neo
767 2919 924 2983 amantior
936 2918 1025 3000 nequi

213 3084 219 3102 ι
232 3018 280 3081 vir
291 3018 367 3094 init,
383 3020 440 3081 ent
452 3017 509 3080 ille
521 3015 716 3080 metuentior
729 3016 796 3079 ulle
809 3017 947 3079 deornm.

214 3103 219 3112 ’
309 3114 457 3197 Iuppiter
470 3118 509 3177 ut
522 3113 654 3196 liquidis
666 3116 814 3194 stagnare
826 3111 992 3194 paludibus
1005 3113 1111 3175 orbem

232 3216 265 3276 et
276 3231 433 3295 superesse
448 3211 535 3273 ridet
548 3211 589 3273 de
602 3212 653 3272 tot
666 3211 762 3272 modo
775 3209 903 3287 milibus
915 3228 1026 3286 unum,

232 3313 265 3378 ot
277 3327 433 3391 superesse
446 3307 535 3371 ridet
548 3307 588 3370 de
601 3311 652 3370 tot
665 3307 761 3370 modo
774 3306 904 3369 milibus
915 3325 1021 3382 unum,

232 3407 382 3470 innoeuos
394 3405 513 3481 ambos,
530 3404 668 3468 cultores
682 3403 824 3467 numinis
837 3404 953 3480 umbos,

233 3504 339 3568 nubile
352 3503 488 3578 disiecit,
504 3501 686 3584 nimbisque
699 3501 847 3584 aquilone
860 3501 985 3565 remotis

232 3605 265 3665 et
277 3601 359 3664 eselo
374 3603 472 3664 terres
486 3599 627 3663 ostendit
640 3603 673 3663 et
686 3598 815 3663 sethere
828 3600 927 3663 terrie.

310 3697 377 3762 Neo
391 3698 487 3761 moris
502 3697 549 3760 irs
562 3700 681 3773 menet,
697 3697 863 3780 positoque
875 3696 1044 3779 tricuspide
1059 3697 1119 3760 telo

232 3796 348 3860 muloet
360 3815 456 3878 eques
470 3799 574 3859 reotor
587 3795 693 3879 pelugi
706 3814 864 3878 suprsque
876 3794 1068 3878 profundum

233 3895 405 3959 exstantem
419 3897 514 3978 utque
527 3883 654 3959 umeros
666 3893 779 3958 inuste
792 3893 912 3957 murioe
925 3895 1040 3955 teotnm

232 3991 408 4057 coeruleum
423 3992 556 4057 Tritone
571 3995 663 4057 nocet
676 3990 877 4074 oonohueque
889 3989 1012 4054 sonenti
