3322 4462
232 227 274 294 34
427 228 456 274 1³.
478 226 591 274 0V1n11
611 227 762 276 uasoms
783 226 943 278 GABMINA
964 228 1123 277 SBLBOTA·

231 375 380 441 militiam
392 377 475 455 ficto,
490 377 589 442 donee
603 377 760 442 sollertior
773 377 844 455 isto,

229 476 284 540 sed
299 474 359 538 sibi
372 476 513 541 inutilior
526 475 631 540 timidi
642 480 821 541 commenta
834 478 949 542 retexit

228 573 423 658 Naupliades
434 574 530 638 animi
545 575 704 658 vitataque
723 575 821 639 traxit
833 577 873 639 ad
887 579 999 640 arma?

230 671 451 754 Optimanum
464 676 576 748 sumat,
594 675 804 757 quiasumere
819 675 922 738 noluit
938 676 1026 738 ullu?
1279 667 1319 742 40

227 790 286 834 nos
299 770 478 835 inhonorati
492 775 525 835 et
538 772 629 835 donis
642 773 839 854 patruelibus
853 773 931 848 orbi,

228 868 403 932 obtulimus
415 869 487 952 qnia
499 888 556 933 nos
569 871 610 932 ad
622 871 726 952 prima
739 871 889 953 pericula,
905 870 1029 934 simne?

310 965 435 1048 ‘Atque
448 967 570 1030 utinam
585 969 640 1030 eut
653 987 746 1030 verne
759 969 849 1037 furor
862 967 926 1043 ille,
942 971 1000 1031 aut
1013 968 1153 1032 creditne
1166 973 1256 1045 esset,

227 1080 287 1126 nec
300 1082 403 1126 eomes
414 1063 467 1126 hic
481 1064 633 1146 Phrygias
648 1084 798 1147 umquam
812 1064 945 1129 venisset
958 1065 998 1128 ad
1013 1085 1100 1128 crees

227 1159 547 1238 hortatorsoeleruml
589 1161 663 1224 Nou
677 1165 720 1237 te,
738 1161 887 1224 Poeantia
900 1162 1013 1244 proles,
1278 1169 1319 1228 45

227 1257 407 1339 expositum
420 1259 553 1321 Lemnos
566 1261 674 1321 nostro
688 1279 762 1322 eum
777 1258 908 1323 erimine
924 1260 1066 1324 haberet!

228 1354 291 1431 Qui
305 1375 402 1432 nunc,
417 1358 455 1418 ut
466 1360 651 1432 memorant,
669 1356 863 1420 silvestribus
876 1359 1004 1422 abditus
1016 1359 1118 1422 antris

227 1472 301 1516 saxa
315 1473 419 1517 moues
428 1453 547 1536 gemitu
561 1454 809 1538 Laertiadaeque
821 1455 958 1538 precaris

228 1571 308 1633 quae
321 1551 451 1630 meruit;
471 1572 560 1635 quae,
576 1551 601 1615 ei
616 1551 650 1615 di
663 1556 751 1628 eunt,
767 1574 832 1616 non
844 1573 926 1617 uana
938 1555 1087 1637 precaria.

228 1647 274 1710 Et
287 1669 374 1712 nune
387 1648 440 1712 ille
452 1651 560 1714 eadem
573 1650 664 1713 nobis
677 1651 800 1714 iuratus
814 1651 848 1714 in
861 1671 958 1726 arma,

226 1745 306 1810 heu!
327 1767 400 1828 pars
411 1766 476 1810 uua
487 1749 616 1823 ducum,
630 1767 692 1830 quo
706 1767 879 1812 successore
894 1751 1028 1831 sagittae

228 1843 377 1908 Herculis
389 1847 535 1920 utuntur,
551 1846 672 1908 fractus
684 1847 855 1929 morboque
869 1849 1015 1930 tarneque

226 1942 411 2024 velaturque
424 1942 580 2025 aliturque
593 1943 713 2019 avibus,
730 1945 932 2028 volucresque
945 1946 1084 2028 petendo

226 2039 335 2103 debita
349 2040 491 2104 Troianis
504 2060 611 2105 exerce
612 2040 763 2124 tspicula
775 2042 860 2105 tatis

227 2135 287 2201 Ille
302 2138 508 2216 tamentivit,
524 2139 677 2222 quianon
691 2140 854 2204 comitavit
867 2141 1001 2205 Ulixen.

226 2235 337 2299 mallet
349 2239 382 2298 et
395 2235 506 2298 infelix
520 2236 701 2300 Palamedes
714 2257 780 2300 esse
793 2238 932 2300 relictus.

226 2332 358 2396 Viveret
370 2337 426 2396 aut
438 2337 520 2396 eerte
533 2333 671 2396 letum
647 2353 716 2397 erne
730 2333 1019 2423 eriminehaberetl

227 2429 330 2505 Quem
344 2429 423 2494 male
436 2429 571 2493 convicti
584 2432 721 2494 nimium
735 2452 855 2496 memor
868 2431 927 2495 iste
940 2433 1060 2496 luroris

225 2527 359 2609 prodere
371 2547 437 2590 rem
451 2527 592 2591 Danaam
605 2527 700 2591 finxit
713 2529 886 2612 fictumque
899 2529 1046 2612 probavit

226 2624 347 2687 crimen
361 2629 394 2687 et
407 2624 552 2700 ostendit,
569 2626 651 2706 quod
666 2625 730 2688 iam
744 2626 953 2708 praefoderat,
970 2627 1097 2689 aurum.

226 2721 314 2803 Ergo
327 2725 385 2785 aut
396 2721 502 2785 exsilio
516 2721 596 2786 vires
609 2722 762 2786 subduxit
775 2723 914 2800 Achivis,

225 2827 284 2882 aut
298 2840 388 2883 neces
408 2819 452 2882 sic
464 2824 597 2902 pugnat,
613 2819 657 2882 sic
671 2824 719 2883 est
732 2822 921 2884 metuendus
934 2822 1057 2886 Ulixes.

309 2916 393 2993 ‘Qui
404 2917 479 2980 lieet
490 2916 613 3000 eloquio
626 2918 728 2982 fidum
743 2938 865 3001 quoque
879 2919 1014 2982 Nestora
1028 2919 1145 2995 vincat,

225 3013 313 3078 haud
328 3019 434 3078 nmen
447 3014 569 3090 efficiet,
585 3016 745 3078 desertum
758 3018 796 3078 ut
809 3017 943 3080 Nestora
957 3018 1077 3080 crimen

225 3131 290 3176 cese
305 3131 372 3175 rear
387 3113 521 3174 nullum.
566 3111 627 3188 Qui
641 3133 715 3176 cum
728 3112 910 3195 imploraret
924 3115 1044 3179 Ulixen

118 3195 121 3201 ¹
224 3211 356 3272 vulnere
370 3209 478 3272 tardus
490 3210 562 3292 equi
576 3211 738 3292 fessusque
756 3211 905 3275 senilibus
918 3213 1021 3288 annis,

224 3307 371 3388 proditus
384 3326 404 3369 a
415 3307 497 3370 socio
509 3311 567 3370 eet.
609 3308 683 3371 Non
697 3308 775 3371 haec
788 3308 867 3371 mihi
880 3309 1015 3372 crimina
1027 3307 1107 3390 fingi

224 3403 286 3466 scit
299 3403 379 3467 bene
393 3403 538 3486 Tydides,
554 3404 609 3487 qui
623 3405 752 3469 nomine
766 3426 855 3489 saepe
867 3411 1013 3470 uocatum

224 3499 381 3583 corripuit
395 3501 576 3584 trepidoque
590 3502 701 3584 fugam
715 3503 913 3585 exprobravit
926 3504 1038 3568 amico.

225 3597 419 3679 Adspiciunt
432 3598 530 3662 oculis
542 3618 647 3681 euperr
638 3599 808 3664 mortalia
821 3600 921 3664 iustis.

224 3695 278 3758 En
292 3698 365 3777 eget
379 3695 503 3772 auxilio,
520 3695 575 3779 qui
590 3717 652 3760 non
670 3697 756 3773 tulit,
772 3701 869 3781 utque
882 3699 1022 3783 reliquit,

224 3793 270 3858 sic
282 3794 474 3876 linquendus
487 3799 568 3859 erat:
589 3797 690 3878 legem
705 3795 764 3860 sibi
780 3797 924 3861 dixerat
914 3818 992 3881 spes.

225 3892 411 3968 Conclamat
423 3893 529 3958 socios.
571 3894 694 3958 Adsum
708 3895 859 3979 videoque
873 3899 1061 3960 trementem

223 3992 456 4076 pallentemque
469 3994 556 4056 metu
570 3995 603 4055 et
618 3992 827 4075 trepidantem
840 3998 941 4060 morte
954 3996 1076 4058 futura.
