3322 4462
229 233 271 300 30
420 231 449 279 l’.
474 229 586 278 ovum
607 227 757 278 NASONIS
778 227 942 278 chamus
963 230 1121 281 eunucus.

226 380 473 466 luncprimnm
485 380 789 446 lscrimisricterum
802 382 1101 450 carmineiumaeeb
1280 389 1319 450 415

225 479 443 546 Eumenidum
457 479 611 544 maduisse
624 499 728 562 genae.
772 480 841 544 Nec
855 481 941 564 regia
954 483 1097 547 coniunx

225 579 363 644 sustinet
376 578 489 655 oranti,
505 598 562 642 nec
575 579 629 662 qui
642 578 725 660 regii
738 578 813 655 ima,
829 599 955 662 negare,

225 677 470 761 Eurydicenque
482 682 605 740 vocant.
645 677 784 741 Umbros
797 681 866 741 ereb
878 678 935 742 illa
948 683 1090 743 recentes

224 776 312 840 inter
325 778 358 838 eb
371 774 498 838 incessit
510 793 602 856 passu
615 775 653 838 de
667 774 798 838 vulnere
813 776 913 840 lardo.
1122 761 1127 782 '

306 873 400 936 Hunc
413 871 551 935 simulet
563 871 664 954 legem
678 871 883 954 Rhodopeius
896 873 1014 956 accipit
1029 873 1191 958 Orpheus:
1281 879 1320 940 50

224 989 266 1056 ne
280 971 387 1034 hachel
399 973 482 1034 retro
495 989 551 1032 sue
561 969 694 1045 lumino,
711 970 969 1062 donechvernas

224 1067 338 1132 exierit
352 1067 459 1131 valles:
480 1070 535 1130 aul
548 1067 645 1131 inrito
656 1068 741 1130 dona
753 1067 876 1132 futura.

308 1164 457 1248 Carpitur
469 1164 662 1250 acclivis-per
674 1168 766 1232 muta
780 1164 907 1230 silentia
920 1169 1047 1243 trames,

225 1263 355 1339 arduus,
372 1263 530 1339 obscurus,
545 1263 678 1346 caligine
693 1264 809 1331 deusne
823 1283 928 1347 opaca.

225 1361 295 1425 Nec
308 1361 418 1445 procul
431 1361 580 1426 afuerunt
594 1361 717 1426 telluris
731 1362 875 1446 margine
889 1383 1046 1427 summae:
1282 1369 1321 1429 bd

224 1458 290 1535 hic,
306 1478 347 1522 ne
360 1460 515 1536 deficeret,
530 1463 673 1524 meluens
686 1460 861 1543 avidusque
874 1459 1007 1525 ridendi

225 1557 315 1620 flexit
328 1577 436 1622 amone
449 1558 567 1635 ocnlos;
588 1561 621 1622 el
632 1559 780 1642 probinus
792 1558 850 1623 ills
863 1558 985 1641 relapsa
997 1561 1056 1634 esb,

224 1655 432 1738 bracchiaque
445 1655 611 1720 intendens
623 1656 801 1738 prendique
814 1661 848 1719 eb
860 1657 1016 1739 prendere
1029 1659 1155 1723 eorum

225 1752 274 1816 nil
287 1752 350 1816 nisi
364 1753 509 1816 cedentes
520 1753 633 1817 infelix
645 1752 766 1835 adripit
779 1773 880 1817 ouras.

307 1848 437 1933 Iamque
450 1850 565 1914 iberum
577 1849 715 1914 moriens
727 1870 794 1914 uon
807 1854 856 1914 est
869 1851 909 1915 de
923 1850 1058 1932 coniuge
1072 1851 1242 1936 quicquam
1284 1857 1322 1918 60

226 1951 337 2032 quoru
350 1968 422 2012 suo:
443 1947 517 2031 quid
531 1948 617 2012 enim
630 1948 691 2012 nisi
705 1967 738 2012 se
750 1951 937 2031 quereretur
950 1952 1115 2012 amatam?

226 2045 479 2130 Supremumque
493 2045 605 2122 ‘sole'
620 2047 703 2130 quod
716 2045 781 2109 iam
795 2047 851 2110 vix
864 2046 994 2110 auribus
1007 2046 1062 2112 ille

225 2143 392 2227 acciperet,
408 2142 490 2207 dixit
502 2144 703 2227 resolutaque
715 2163 826 2208 rursus
839 2145 950 2209 ecdem
964 2148 1021 2210 ech
1283 2150 1321 2210 63

308 2241 460 2306 Orantem
472 2241 651 2324 funeb-aque
664 2241 782 2305 iterum
799 2243 933 2307 transire
948 2243 1107 2307 volentem
1283 2245 1321 2310 72

225 2340 364 2422 portitor
376 2343 526 2404 arcuerat„
570 2341 696 2423 Septem
709 2343 819 2405 tamen
833 2341 888 2405 ille
901 2341 1013 2406 diebus

226 2436 389 2520 squalidus
402 2437 437 2500 in
450 2436 519 2520 ripe
532 2436 651 2502 (leteris
664 2438 732 2502 eine
745 2458 878 2502 munere
891 2439 989 2502 sedit:

226 2554 304 2598 cura
316 2535 465 2617 dolorque
478 2534 576 2598 animi
588 2535 797 2619 lacrimaeque
810 2536 964 2600 admenta
976 2537 1084 2600 inere-⁵
1283 2537 1320 2602 75

226 2631 304 2695 Esse
318 2632 391 2700 deos
404 2631 499 2694 Erebi
512 2632 651 2696 crudeles
665 2637 805 2715 questus,
821 2633 858 2696 in
871 2634 970 2696 ellam

227 2747 260 2792 se
273 2726 387 2810 recipit
400 2726 572 2810 Rhodopen
584 2728 775 2812 pulsumque
788 2728 991 2811 aquilonibus
1004 2729 1177 2794 Haemum.

586 3087 591 3094 ·
643 3069 691 3129 12.
737 3065 896 3130 MIDAS.

622 3259 699 3306 uur.
723 3259 773 3306 x1.
796 3247 927 3308 85-145.

309 3422 376 3486 Nec
390 3419 466 3484 salis
479 3419 538 3484 hoc
551 3419 673 3484 Baccho
686 3423 750 3489 est:
772 3420 856 3502 ipsos
870 3441 994 3503 quoque
1009 3420 1124 3485 deserit
1137 3441 1229 3504 agros
1283 3425 1321 3486 85

227 3537 364 3601 cumque
378 3517 473 3581 choro
485 3517 611 3582 meliore
624 3516 672 3580 sui
687 3517 796 3582 vineto
810 3517 927 3581 Timoli

228 3607 443 3696 Pactolonque
455 3613 546 3696 petii,
563 3613 705 3696 quemuis
718 3633 784 3676 non
799 3628 912 3679 eureus
925 3615 982 3677 illc

227 3717 370 3796 tempore
383 3731 442 3776 nec
455 3711 533 3775 ceris
545 3715 612 3775 erat
625 3711 799 3776 insidiosus
813 3712 949 3776 harenis.

309 3811 407 3874 Hunc
420 3810 548 3875 mencio
560 3811 670 3875 cohors
683 3811 781 3894 satyri
794 3811 992 3892 bacchaeque
1005 3811 1229 3892 frequentant:

229 3908 511 3974 atSilenusabeeb
554 3907 760 3973 'l'ibubenlem
775 3909 930 3992 annisque
942 3927 1093 3991 meroque
1285 3913 1324 3972 90

230 4006 382 4072 ruricolae
395 4025 503 4090 cepere
516 4005 655 4089 Phryges
669 4006 876 4090 vinctumque
889 4006 1013 4072 coronis
