3322 4462
619 253 686 300 ms
707 253 870 303 omum
891 253 932 300 012
952 253 1118 300 BAOGHUS.

332 406 554 492 Taygetenque
566 404 752 490 Hyadesque
765 405 864 470 oculis
876 409 1062 488 Arctonque
1075 406 1183 470 notavi

331 511 557 589 ventorumque
569 505 677 570 domos
688 510 722 569 et
733 509 844 588 portus
856 504 1019 588 puppibus
1031 509 1130 588 aptos.

412 604 527 667 ‘Forte
539 606 647 686 petens
659 603 775 666 Delum
790 601 886 666 (lhise
902 601 1024 666 telluris
1037 602 1077 666 ad
1091 621 1160 666 ores

330 701 471 785 applicor
483 704 517 765 et
529 701 646 764 dextris
656 701 794 764 adducor
807 700 900 764 litore
913 699 1019 776 remis,

331 799 433 882 doque
445 797 530 863 leves
541 799 637 862 saltus
650 798 789 881 udaeque
802 797 948 861 inmittor
958 797 1102 862 harenas.

331 897 405 981 Nox
416 895 473 960 nbi
487 900 671 979 consumpta
682 903 730 960 est
744 894 883 979 (Aurora
895 897 1058 960 rubescere
1070 897 1175 979 prima

331 993 502 1078 coeperat),
517 985 659 1076 exsurgo,
674 994 843 1076 laticesque
856 993 975 1058 inferre
989 996 1128 1056 recentes

330 1092 484 1155 admoneo
497 1095 695 1175 monstroque
707 1091 801 1168 mam,
817 1112 896 1174 quae
909 1091 1007 1154 ducet
1019 1091 1060 1154 ed
1073 1091 1184 1154 undas.

332 1178 415 1272 Ipse,
431 1188 509 1272 quid
521 1208 597 1252 aura
608 1187 687 1252 mibi
700 1189 825 1252 tumulo
837 1189 1005 1272 promittat
1016 1188 1057 1252 ab
1069 1187 1144 1262 alto,

330 1285 486 1370 prospicio
499 1287 685 1369 comitesque
698 1307 773 1351 voco
785 1290 955 1370 repetoque
969 1285 1117 1349 carinsm.

333 1384 356 1416 ‘⁴
366 1385 528 1448 Adsumus
539 1387 593 1448 en!
605 1385 627 1417 ”
648 1385 752 1466 inquit
765 1384 921 1449 sociorum
934 1383 1059 1467 primus
1074 1384 1234 1466 Opheltes,

331 1486 428 1566 utque
441 1486 545 1566 putat,
559 1483 704 1565 praedam
718 1483 841 1546 deserto
853 1485 966 1546 neotus
980 1482 1015 1545 in
1028 1502 1114 1564 agro,

331 1581 472 1663 vbginea
483 1602 616 1664 puerum
629 1581 719 1645 ducit
730 1593 787 1665 per
799 1580 895 1644 litora
906 1581 1021 1645 forma.

411 1679 490 1742 ‘Ille
504 1687 588 1743 me'ro
601 1699 769 1762 somnoque
782 1678 885 1760 gravis
901 1678 1038 1742 titubare
1051 1678 1178 1741 videtur

330 1776 444 1859 vixque
457 1775 553 1859 sequi.
596 1776 707 1859 Specto
721 1777 844 1840 cultum
857 1774 1035 1859 faciemque
1047 1776 1259 1857 gradumque:

330 1874 378 1938 nil
390 1873 435 1937 ibi
449 1874 531 1956 quod
545 1873 630 1938 credi
641 1877 745 1957 ponet
757 1873 889 1937 mortale
901 1872 1058 1950 videbam,

332 1972 376 2036 Et
388 1972 470 2036 sensi
484 1975 517 2035 et
529 1971 595 2036 dixi
608 1971 712 2036 sociis:
734 1971 860 2048 “Quod
872 1991 993 2034 numen
1007 1970 1044 2058 in
1056 1971 1122 2034 istc

331 2071 459 2153 conpore
472 2069 525 2150 sit,
540 2069 664 2148 dubito;
684 2070 738 2134 sed
751 2088 881 2151 corpore
894 2089 1016 2132 numen
1029 2068 1064 2131 in
1078 2068 1138 2132 isto
1151 2072 1210 2132 est.
1298 2097 1303 2108 ·

332 2165 479 2249 Quisquis
492 2187 535 2242 es,
546 2186 566 2231 o
577 2167 680 2230 savem
692 2166 868 2250 nostrisque
881 2165 1042 2229 laboribus
1055 2165 1148 2230 adsis.

332 2263 393 2327 His
406 2283 528 2346 quoque
541 2264 595 2326 des
605 2263 833 2340 scuiam.’'—“
843 2263 905 2327 Pro
918 2262 1011 2326 nobis
1023 2263 1116 2324 mitte
1129 2262 1252 2345 precari
1261 2263 1285 2295 ’'

332 2361 443 2443 Dictys
456 2360 511 2437 ait,
527 2381 588 2444 quo
599 2381 665 2424 nou
677 2360 758 2424 alius
770 2361 978 2424 conscendere
991 2379 1130 2422 summes

333 2459 417 2522 ocior
429 2461 591 2522 antemnas
602 2478 774 2540 prensoque
787 2459 922 2520 rudente
934 2457 1043 2520 relabi.
1266 2490 1268 2497 ·

414 2556 504 2619 ‘Hoc
518 2557 621 2638 Libys,
636 2556 696 2620 hoc
708 2556 817 2632 flavus,
834 2563 943 2638 prorae
956 2555 1070 2630 tutela,
1086 2554 1280 2630 Melanthus,
1412 2579 1415 2589 ·

332 2653 392 2718 hoc
404 2653 517 2734 probat
529 2653 724 2727 Alcimedon,
739 2655 772 2715 et
785 2651 840 2734 qui
853 2651 1056 2734 requiemque
1069 2652 1263 2733 modumque

335 2770 407 2814 voce
420 2750 516 2814 dabat
528 2750 630 2828 ramis,
645 2750 822 2814 animorum
835 2749 980 2812 hortator
993 2749 1153 2831 Epopeus,

332 2848 392 2912 hoc
405 2851 513 2911 omnes
525 2847 593 2910 alii:
613 2847 744 2930 praedae
757 2851 823 2910 tam
836 2865 926 2910 caeca
939 2845 1056 2928 cupido
1070 2847 1127 2909 est
1139 2893 1171 2928 „

319 2939 330 2947 ’
413 2945 423 2976 ‘
435 2945 457 2976 “
469 2945 545 3008 Non
556 2948 662 3008 temen
671 2943 757 3017 huno
770 2963 856 3008 sacro
869 2943 981 3008 uiolari
993 2945 1132 3026 pondere
1145 2943 1260 3026 pinum

332 3038 522 3127 peupetiar”
537 3042 617 3106 dixi:
639 3043 662 3074 “
671 3062 742 3126 pers
754 3042 808 3105 hio
820 3041 901 3105 mihi
914 3041 1053 3104 maxima
1066 3040 1176 3103 iuris”
1192 3061 1202 3118 ;

332 3141 427 3222 inque
439 3139 529 3202 aditu
543 3140 664 3202 obsisto.
707 3138 801 3201 Furit
813 3137 1040 3202 audacissimus
1053 3135 1140 3200 omni

332 3238 372 3300 de
384 3253 516 3300 numero
530 3236 675 3318 Lycabas,
691 3235 746 3318 qui
760 3236 862 3298 Tn‘sce
875 3235 987 3317 pulsus
1000 3235 1040 3297 ab
1053 3234 1132 3296 urbe

332 3326 1006 3433 epsiliumdimpocnamprocaedeluebat.
1361 3334 1421 3394 625

325 3408 469 3514 (Emihi,
486 3431 564 3494 dum
576 3434 667 3508 resto,
683 3429 819 3493 iuvenali
832 3433 965 3511 guttura
978 3449 1087 3512 pugno

332 3529 432 3611 rupit,
448 3531 481 3591 et
494 3548 656 3592 excussum
669 3527 802 3592 misisset
815 3527 851 3590 in
864 3547 1009 3609 aequora,
1025 3527 1052 3589 si
1065 3547 1131 3590 non

332 3626 511 3702 haesissem,
527 3627 666 3710 quamvis
677 3646 795 3702 umens,
810 3627 845 3688 in
858 3627 937 3689 lune
950 3628 1102 3687 retentus.

414 3723 538 3807 ‘Imma
550 3725 642 3788 turba
676 3724 764 3789 rebat
777 3724 909 3787 factum.
954 3722 1040 3784 'Eum
1054 3721 1190 3804 denique
1204 3721 1348 3785 Bacchus

336 3821 494 3904 (Bacchus
506 3745 733 3932 enimffl,
748 3821 847 3886 veluti
861 3821 997 3902 clamore
1010 3820 1132 3883 solutus
1363 3821 1421 3882 630

334 3920 376 3984 sit
388 3940 480 4004 sopor
492 3941 571 4004 aque
584 3941 668 3986 mero
681 3921 810 3987 redeant
823 3919 857 3982 in
871 3923 999 4001 pectora
1012 3938 1130 3992 sensus,

337 4018 359 4049 “
371 4009 453 4096 dots
467 4017 595 4082 tacitis?
611 4018 683 4103 quis
696 4018 837 4082 clamor?
847 4017 869 4048 ”
891 4015 937 4080 ait
953 4015 1060 4099 “tque,
1077 4015 1184 4091 dicite,
1200 4017 1327 4090 nautae,
