3322 4462
636 233 741 282 ORBE
761 233 838 283 ΑΜ)
860 234 1086 286 reuertemur..

321 387 523 470 rorantesque
535 403 638 450 eomes
651 403 670 448 e
682 347 790 450 fronte
803 386 938 450 removit
950 387 991 451 ed
1005 405 1096 452 eures

320 488 415 568 etque
427 483 487 548 eit:
509 482 556 548 ‘0
570 485 639 546 toto
652 481 811 566 quaesitae
824 483 956 565 virginis
968 485 1043 549 orbs

320 588 355 648 et
367 584 498 665 frugum
510 580 664 664 genetrix,
680 581 840 647 inmensos
854 582 928 648 siste
942 584 1072 660 lebetes,

320 701 400 754 neve
415 680 472 744 tibi
485 681 565 744 fides
578 679 716 744 violente
728 679 859 744 ireeoere
873 684 984 746 terres.

320 779 419 843 Terre
431 778 512 842 nihil
525 778 642 842 meruit
656 778 824 862 patuitque
837 778 939 842 invite
950 778 1099 861 repinee..

320 875 389 940 Neo
402 897 472 939 sum
485 896 543 959 pro
556 876 658 959 petria
671 873 819 958 supplex:
840 876 905 939 huo
918 875 1044 959 hospite
1056 875 1145 954 veni3

321 973 395 1037 Pise
408 973 487 1036 mihi
499 973 603 1057 petris
615 977 663 1037 est
675 978 709 1037 et
721 973 760 1036 eb
774 973 868 1038 Elide
881 973 1029 1038 duoimus
1042 977 1146 1051 ortus;

321 1071 479 1136 Sioeniem
490 1070 655 1155 peregrine
667 1070 747 1146 eolo,
763 1072 816 1134 sed
831 1071 952 1152 gretior
964 1070 1053 1134 omni

320 1169 397 1250 heeo
410 1168 489 1232 mihi
503 1172 585 1232 terre
597 1169 662 1233 solo
675 1171 737 1232 est:
758 1168 816 1232 hos
830 1188 916 1232 nuno
929 1168 1091 1233 Arethusa
1102 1171 1242 1251 penates,
1381 1156 1386 1168 ’

319 1267 403 1332 hene
415 1267 513 1331 hebeo
526 1267 644 1330 sedem:
666 1286 759 1348 quem
774 1271 824 1342 tu,
839 1266 1018 1343 mitissime,
1034 1286 1131 1332 servu

402 1365 508 1430 ‘Mete
519 1366 587 1429 loeo
600 1384 657 1428 our
670 1363 730 1428 sim
743 1365 889 1448 tentique
903 1385 961 1448 per
974 1364 1118 1449 sequeris
1130 1365 1233 1431 undes

320 1463 456 1529 advehet
468 1463 643 1546 Ortygium,
658 1462 766 1527 veniet
781 1463 962 1528 ner-retibus
974 1463 1054 1529 hore
1194 1480 1201 1497 ·

320 1560 505 1655 tempestive
517 1560 605 1636 meis,
621 1565 695 1624 euru
711 1563 744 1624 ιιι
761 1581 899 1644 οιιιᾳιιι
911 1562 1016 1626 levete

319 1664 353 1724 et
365 1660 473 1725 vultus
484 1657 622 1722 melioris
634 1658 706 1721 e'ris.
748 1657 833 1721 Mihi
846 1660 954 1741 pervia
967 1660 1064 1724 tellus

319 1759 448 1841 praebet
459 1757 530 1834 iter,
545 1757 714 1838 subterque
726 1755 807 1820 imus
818 1757 923 1822 eblete
936 1762 1086 1824 oevernes

319 1856 373 1921 hio
385 1859 482 1939 oeput
493 1855 604 1920 etlollo
617 1856 807 1938 desueleque
820 1854 922 1920 sideru
935 1875 1041 1920 eerno.

320 1954 497 2037 Ergetium
510 1953 619 2036 Stygio
632 1953 691 2016 sub
704 1952 797 2016 terris
810 1953 936 2035 gurgite
948 1953 1049 2031 leber,

320 2053 387 2116 vise
400 2055 456 2115 tue
467 2055 515 2116 est
527 2050 626 2115 oeulis
638 2050 705 2114 illio
718 2050 907 2134 Proserpina
920 2051 1051 2115 nostrie:

321 2149 376 2214 ille
389 2148 516 2234 quidem
531 2148 629 2212 tristis
641 2158 743 2232 neque
756 2149 862 2212 edhue
875 2148 1023 2214 interrita
1035 2150 1140 2228 vultu,

320 2248 376 2312 ssd
388 2247 498 2330 regino
509 2252 626 2324 temen,
642 2247 697 2311 ssd
710 2247 801 2329 opeoi
814 2246 953 2311 mexime
964 2247 1092 2323 muudi·

321 2346 376 2410 ssd
389 2347 495 2408 temen
507 2345 625 2408 inferni
637 2344 761 2428 pollens
773 2348 919 2408 metrone
931 2344 1085 2426 tyrannis
1092 2401 1118 2446 ὑ

402 2441 504 2504 Meter
514 2442 556 2505 ed
568 2441 692 2504 audites
705 2440 831 2524 stupuit
843 2460 901 2504 oeu
915 2460 1008 2505 sexee
1021 2460 1113 2504 voees

321 2539 535 2622 ettouileequs
547 2537 603 2601 diu
617 2537 729 2602 similis
741 2538 818 2601 ruit.
860 2538 970 2621 thue
983 2538 1092 2606 doloro

321 2637 414 2718 pules
425 2635 512 2717 gravi
524 2634 628 2715 grevie
640 2638 689 2699 ιιι
701 2635 851 2711 umentia,
866 2635 1012 2698 curribus
1024 2654 1095 2698 ores

321 2733 411 2797 exit
400 2753 434 2796 ιιι
447 2732 609 2796 aetherius.
652 2732 704 2796 Ibi
718 2735 785 2796 toto
799 2731 910 2795 nubile
923 2733 1016 2795 vultu

321 2835 395 2894 ente
408 2830 514 2894 Iovem
526 2829 623 2912 pessis
635 2829 726 2893 stetit
738 2829 895 2893 invidiose
908 2827 1032 2912 cupillis

324 2929 427 2991 ‘Pro’
442 2948 503 3010 que
517 2928 607 2991 ‘meo
619 2927 692 2991 veni
706 2928 840 3010 supplex
854 2927 924 3004 tibi,
941 2925 1109 3009 Iuppiter’
1124 2925 1242 3010 inquit,

324 3025 495 3107 ‘sanguine
506 3045 624 3107 proque
638 3028 704 3087 tuo.
749 3024 783 3088 Si
796 3025 887 3088 nulle
898 3028 947 3088 est
959 3017 1064 3106 gretie
1075 3023 1197 3101 metris,

322 3124 396 3185 nete
408 3125 530 3204 petrem
541 3124 676 3197 moveat,
692 3140 755 3183 neu
769 3121 811 3183 sit
823 3120 884 3183 tibi
898 3141 984 3196 oure,
1000 3140 1178 3203 prestamus,

321 3219 413 3283 vilior
425 3218 520 3295 illius,
536 3219 621 3300 quod
634 3220 743 3281 nostro
755 3222 804 3281 est
817 3217 903 3282 edile
916 3221 1021 3300 purtu.

322 3316 374 3394 En
387 3316 526 3399 quaesite
538 3315 594 3378 (liu
608 3316 738 3380 tendem
751 3315 833 3378 mihi
846 3319 922 3379 nete
935 3318 1061 3398 reperte
1074 3318 1132 3390 est,

320 3414 349 3477 'si
361 3412 496 3496 reperire
508 3432 599 3477 voees
611 3413 755 3477 emittere
772 3411 900 3489 certius,
915 3416 973 3476 eut
986 3411 1013 3474 si

322 3512 410 3587 eolre,
426 3511 482 3574 uhi
494 3511 547 3587 sit,
562 3511 697 3593 reperire
709 3529 809 3574 voees.
854 3499 946 3587 Quod
964 3512 1066 3592 rapte,
1082 3511 1230 3587 feremus,

321 3608 493 3673 dummodo
505 3609 617 3672 reddet
628 3628 712 3672 eum:
733 3608 935 3690 nequeenim
949 3607 1107 3691 praedone
1120 3607 1235 3672 merito

322 3706 387 3770 filie
400 3707 635 3789 dignatusest,
651 3706 678 3770 si
691 3706 755 3770 iem
767 3725 838 3770 mee
852 3706 917 3770 filie
929 3725 996 3770 non
1010 3707 1083 3770 est’

401 3805 545 3888 Iuppiter
557 3805 694 3888 exeepit:
717 3803 913 3869 ‘Commune
927 3808 976 3869 est
989 3804 1107 3888 pignus
1120 3822 1260 3890 onusque
1385 3839 1388 3849 v

322 3901 489 3966 neteemihi
501 3906 618 3966 tenum.
661 3903 721 3967 Sed
736 3903 762 3967 si
777 3903 871 3967 modo
884 3903 1015 3967 nomine
1027 3902 1121 3966 rebus

322 4001 436 4064 eddere
448 4004 521 4064 'vere
532 4000 645 4084 planet,
662 4020 726 4064 nou
739 4000 801 4065 hoo
815 4000 934 4064 iniurie
946 4001 1081 4076 foetum,
