3322 4462
208 225 250 310 56
397 244 427 293 ι».
452 243 568 294 omnm
589 243 742 296 resersrs
761 244 922 296 camna
942 245 1099 295 serrem.

204 396 273 473 Quo
286 396 370 462 feret
382 395 442 474 ire,
458 408 581 481 sequar.
625 396 717 462 Facti
730 396 859 468 fortasse
871 397 1007 482 pigebit:

242 499 276 584 et
288 495 378 579 piget
390 494 491 561 infido
504 495 698 560 consuluisse
711 495 788 561 vire.
1239 499 1300 559 210

203 595 332 661 Viderit
344 595 406 659 ista
419 596 507 671 deus,
524 594 580 678 qui
594 615 683 658 nunc
695 615 766 659 mee
777 597 903 677 pociora
915 597 1028 658 versat.

243 691 359 757 Nescio
372 691 450 776 quid
464 694 549 757 certe
562 711 653 756 mens
665 711 736 756 mea
747 691 848 756 meins
859 691 936 773 agit

549 1062 579 1122 3.
618 1059 648 1120 A
685 1057 942 1124 PROPOSAL.

695 1234 756 1282 An.
779 1237 804 1281 1.
826 1224 855 1284 3.

203 1380 292 1445 Iusta
304 1399 431 1465 preccrr
453 1401 533 1464 quae
546 1401 599 1445 me
612 1400 716 1464 nuper
729 1381 875 1464 praedatu
886 1381 993 1464 puelle
1005 1385 1064 1458 eet,

242 1482 300 1543 eut
313 1481 409 1555 emet,
425 1482 483 1543 sut
495 1479 605 1554 saciet,
618 1498 676 1541 cnr
688 1498 746 1561 ego
759 1498 879 1562 semper
892 1498 1006 1541 amem.

202 1577 273 1642 ΑΜ
293 1577 432 1641 nimium
445 1576 546 1648 volui!
569 1580 699 1640 tentum
711 1576 978 1658 patiaturamari:

243 1674 381 1739 audierit
394 1677 519 1738 nostras
531 1677 582 1737 tot
596 1673 754 1756 Cytherea
765 1694 879 1757 preces.
947 1697 948 1700 ¹

203 1772 333 1856 Accipe,
348 1792 406 1856 per
417 1773 531 1855 longos
544 1771 603 1835 tibi
618 1769 674 1854 qui
687 1771 840 1836 deserviet
851 1791 964 1836 annos:

244 1869 362 1953 accipe,
378 1869 435 1952 qui
447 1890 530 1953 pura
543 1867 630 1932 norit
642 1875 747 1932 emere
760 1869 833 1932 fids.

205 1966 241 2032 Si
254 1987 305 2031 me
318 1987 386 2031 non
397 1971 543 2032 veterum
556 1967 782 2030 commendant
793 1985 907 2047 magna
918 1969 1088 2048 parentum

244 2064 387 2141 nomina,
403 2063 431 2128 si
444 2063 546 2128 nostri
560 2063 724 2146 sanguinis
737 2067 845 2127 auctor
857 2083 960 2145 eques,

204 2183 265 2227 nec
277 2182 368 2226 meus
381 2161 560 2233 innumeris
573 2164 744 2225 renovatur
757 2180 884 2243 campus
896 2161 1020 2237 aratris,

244 2264 402 2344 temperat
413 2264 448 2323 et
461 2263 610 2342 sumptus
621 2279 735 2343 parcns
747 2262 878 2341 uterque
890 2278 1017 2341 parens:

204 2361 239 2423 st
253 2358 399 2422 Phoebus
411 2357 605 2440 comitesque
618 2377 733 2420 novem
747 2356 879 2438 vitisque
892 2356 1033 2438 repertor

244 2454 305 2520 hac
318 2455 458 2518 iaciunt:
479 2457 514 2520 at
527 2475 579 2518 me
592 2453 649 2536 qui
662 2453 722 2517 tibi
736 2453 842 2534 donat,
858 2454 974 2516 Amore

204 2557 238 2616 et
250 2551 334 2616 nulli
347 2572 472 2617 cessura
485 2553 574 2629 fides,
589 2550 657 2614 sine
670 2550 803 2614 crimine
815 2571 926 2628 mores,

244 2651 395 2734 nudaque
409 2648 606 2732 simplicitas,
622 2667 860 2731 purpureusque
872 2649 985 2730 pudor.

205 2747 281 2810 Non
294 2747 376 2810 mihi
389 2747 478 2809 mille
490 2747 634 2829 placent:
655 2765 721 2808 non
734 2763 805 2808 eum
817 2745 957 2808 desultor
968 2743 1107 2807 Amoris.

245 2844 297 2907 Tu
311 2843 405 2920 mihi,
421 2844 513 2926 siqua
525 2843 614 2918 fides,
630 2861 706 2905 cura
718 2840 864 2924 perennis
876 2841 946 2906 eris.

205 2942 338 3017 Tecum,
354 2961 434 3024 ques
447 2938 597 3006 dederint
609 2958 710 3001 annos
722 2937 802 3001 milri
815 2939 868 3020 fila
879 2959 1033 3013 sororum,

245 3038 351 3102 rivere
364 3037 542 3118 contingat,
559 3039 653 3118 teque
666 3035 793 3099 dolente
806 3035 894 3099 mori.

205 3136 252 3199 Te
265 3135 346 3198 mihi
360 3134 526 3198 materiem
538 3133 666 3198 felicem
679 3131 715 3196 in
728 3133 865 3196 earmina
876 3133 1004 3214 praebe':

244 3231 434 3314 provenient
447 3250 541 3293 causa
554 3229 696 3304 carmina
709 3229 806 3310 digna
817 3249 882 3294 sna.

206 3329 355 3412 (termine
368 3347 487 3407 nomen
499 3328 619 3390 habent
632 3327 782 3389 exterrita
794 3327 938 3390 cornibus
951 3326 998 3403 Io,

245 3430 279 3490 et
293 3446 390 3510 qnam
403 3425 557 3488 fluminea
568 3424 647 3487 lusit
660 3424 863 3500 adulterare,

206 3524 366 3608 Quaeque,
384 3543 479 3607 snper
491 3526 630 3607 pentum
644 3523 792 3585 simulate
806 3525 893 3586 recta
905 3521 1048 3597 iuvenco,

245 3621 388 3704 virginee
401 3623 509 3685 tenuit
522 3641 642 3683 cornus
657 3639 729 3683 rara
742 3638 847 3682 mann.
873 3606 878 3619 ⁴

204 3721 272 3789 Nos
287 3740 413 3803 quoque
425 3739 484 3803 per
498 3721 603 3782 totnm
617 3717 736 3800 pariter
749 3717 945 3780 cantabimur
957 3718 1076 3794 orbem,

244 3817 417 3903 iunctaque
431 3835 555 3901 semper
568 3819 665 3881 erunt
678 3813 808 3880 nomine
818 3817 925 3880 nostra
937 3813 1011 3878 tuis.
