3322 4462
536 281 540 294 .
581 245 634 298 Au
655 247 1005 297 sunoslousssmosu
1024 247 1161 297 ΒΚΕΙὉΗ.
1377 243 1397 312 7
1399 247 1417 314 3

421 467 470 542 11„
507 464 583 532 AN
603 463 1095 532 AUTOBIOGRAPHIGAL
1121 464 1316 532 SKE’TOH.

746 632 999 693 nummulo.

328 791 469 874 Illd‘e'go,
485 789 541 875 qui
555 789 683 866 fuerim,
699 794 883 855 tenerorum
896 791 983 855 lusor
995 811 1146 867 amorum,

369 907 464 971 quom
476 887 565 970 legis,
580 891 619 951 ut
631 887 728 965 noris,
744 888 851 972 aooipe
864 888 1043 972 posteritas!

329 985 439 1050 Sulmo
452 985 532 1049 mihi
545 985 649 1069 patria
660 988 719 1062 est,
734 986 849 1068 gelidis
862 985 1040 1050 uberrimus
1052 986 1155 1062 undis,

368 1082 457 1146 milia
469 1083 524 1166 qui
538 1083 668 1147 noviens
681 1083 780 1147 distat
793 1085 834 1147 ab
846 1083 925 1147 urbe
939 1083 1057 1147 deoem.

329 1179 445 1244 Editus
456 1179 510 1244 hio
522 1201 580 1263 ego
594 1200 676 1257 sum,
690 1200 750 1245 neo
764 1199 830 1245 non
843 1184 883 1247 ut
895 1183 1038 1264 tempora
1052 1180 1144 1256 noris,

368 1297 442 1342 eum
455 1278 568 1342 oeoidit
581 1279 650 1342 fsto
662 1278 773 1343 oonsul
786 1281 922 1361 uterque
935 1277 1015 1362 pari.

329 1375 439 1460 Siquid
454 1376 560 1453 idest,
575 1395 676 1461 usqum
688 1397 709 1440 a
721 1375 847 1459 proavis
861 1381 952 1441 vetus
964 1376 1083 1440 ordinis
1094 1376 1195 1454 heres,

368 1494 433 1538 non
446 1475 539 1538 modo
551 1476 700 1538 fortunae
714 1494 847 1539 munere
859 1476 966 1539 iaetus
978 1494 1080 1559 equos

329 1571 397 1635 Neo
409 1571 504 1655 stirps
517 1571 620 1655 prima
632 1571 697 1635 ini:
719 1573 828 1654 genito
842 1592 915 1636 sum
927 1573 1027 1636 fratre
1039 1575 1170 1650 oreatus,

369 1668 423 1752 qui
438 1669 538 1733 tribus
550 1673 625 1733 ante
638 1673 750 1753 quater
762 1669 925 1734 mensibus
938 1674 1026 1734 ortus
1037 1673 1114 1734 erat.

329 1767 459 1836 Lucifer
471 1767 635 1831 amborum
648 1767 809 1830 natalibus
822 1768 929 1834 adfuit
942 1769 1041 1835 idem:

369 1883 434 1927 una
445 1864 599 1928 celebrate
612 1867 660 1928 est
672 1884 729 1948 per
742 1865 808 1928 duo
820 1865 886 1928 liba
899 1865 981 1928 dies:

329 1961 406 2026 haee
419 1965 467 2025 est
478 1961 643 2026 amiserae
656 1962 746 2027 iestis
760 1963 800 2026 de
813 1961 955 2045 quinque
969 1961 1137 2038 Minervae,

370 2079 449 2142 qnae
462 2059 529 2124 deri
542 2079 651 2143 pugna
664 2057 768 2142 prima
784 2062 917 2123 eruenta
930 2059 1017 2122 solet

331 2156 480 2221 Protinus
492 2155 665 2221 exeoliniur
677 2155 790 2232 teneri,
806 2176 944 2238 ouraque
958 2155 1095 2239 parentis

370 2255 453 2318 imus
465 2255 505 2318 ad
518 2254 659 2336 insignes
670 2253 759 2318 urbis
771 2254 812 2317 ab
825 2257 893 2317 arte
907 2253 999 2317 viros.

332 2351 443 2414 Frater
455 2351 496 2415 ad
508 2350 670 2434 eloquium
683 2350 778 2414 uiridi
791 2345 943 2413 tendebat
956 2350 995 2412 ab
1008 2369 1093 2427 aevo,

371 2449 467 2512 fortia
480 2448 709 2534 ‘vorbosinatus
721 2448 763 2511 ad
776 2467 865 2511 arma
877 2446 955 2523 iori3

333 2548 367 2608 at
379 2545 459 2608 mihi
471 2546 535 2608 iam
548 2565 646 2628 puero
660 2544 805 2609 caelestia
818 2563 906 2608 saera
917 2543 1093 2625 plaoebant,

373 2641 468 2725 inque
481 2662 574 2706 suum
588 2641 703 2704 furtim
716 2642 809 2704 Musa
822 2641 968 2704 trahebat
981 2661 1069 2723 opus.

334 2739 431 2820 Saepe
443 2742 533 2821 peter
545 2739 642 2801 dixit:
665 2737 838 2802 ‘Studium
852 2737 930 2819 quid
943 2737 1057 2802 inutile
1069 2739 1228 2821 temptas?

373 2835 552 2900 Maeonides
564 2835 668 2899 nullas
680 2835 747 2918 ipse
760 2834 892 2916 reliquit
905 2835 1004 2917 opes'

332 2933 440 2998 Motus
452 2953 537 2997 eram
551 2932 644 2997 dietis
656 2936 786 3014 totoque
801 2932 955 2996 Helieone
968 2933 1077 2996 relioto

372 3031 504 3096 seribere
518 3031 711 3114 temptabam
724 3031 819 3094 uerba
831 3030 936 3093 soluta
948 3029 1059 3093 modis

333 3129 451 3212 Sponte
464 3148 521 3192 sua
533 3147 659 3191 oarmen
673 3147 821 3191 numeros
834 3127 980 3191 veniebat
993 3127 1033 3190 ed
1045 3129 1148 3208 aptos:

373 3225 521 3310 quiequid
534 3225 728 3308 temptabam
742 3224 888 3300 seribere,
904 3243 1011 3287 versus
1023 3227 1099 3288 erat.

333 3322 459 3386 Interea
470 3321 567 3386 taoito
580 3341 671 3403 passu
686 3321 866 3386 labentibus
880 3321 973 3385 annis

372 3418 501 3483 liberior
512 3419 605 3482 fratri
618 3422 746 3501 sumpta
758 3418 901 3501 mihique
915 3421 990 3499 toga
1001 3421 1058 3490 est,

334 3517 541 3599 induiturque
555 3515 671 3579 umeris
684 3535 757 3578 oum
770 3515 836 3579 lato
850 3534 994 3598 purpura
1006 3500 1105 3577 olavo:

373 3618 406 3679 et
418 3614 560 3678 studium
575 3614 674 3690 nobis,
691 3613 775 3697 quod
788 3613 856 3677 ruit
868 3615 952 3688 ante,
969 3615 1083 3675 manet

334 3707 470 3796 Iamque
478 3712 586 3776 deoem
600 3711 682 3776 vitae
695 3712 794 3775 irater
806 3710 1021 3793 geminaverat
1033 3728 1140 3786 annos,

373 3830 448 3875 oum
460 3809 554 3894 perit,
570 3813 604 3875 et
616 3809 704 3893 ooepi
717 3813 807 3892 parte
821 3829 925 3873 oerere
938 3808 1009 3871 mei.

335 3908 484 3993 Oepimus
497 3916 530 3974 et
543 3913 668 3974 tenerae
680 3908 800 3992 primos
812 3908 924 3972 aetatis
936 3907 1079 3982 honoros,

374 4009 474 4092 deque
487 4007 564 4072 viris
578 4007 738 4091 quondum
751 4026 824 4090 pars
837 4005 940 4070 tribus
953 4025 1018 4070 une
1030 4005 1089 4069 fui.
