3322 4462
636 248 660 298 A
680 249 958 298 Pronoean-mn
977 249 1118 298 raam.

679 487 709 555 d
749 482 845 552 Tun
879 481 1072 547 TABLET.

785 659 845 706 Au.
870 661 894 711 r.
920 647 970 707 12.

336 803 425 868 Flete
438 824 523 869 meos
536 808 638 869 oasust
660 804 765 874 tristes
778 805 898 873 rediere
912 805 1054 868 tabellae.

376 902 494 984 Infelix
506 902 600 966 hodie
613 903 719 988 littera
731 922 820 985 posse
833 905 937 985 negat.

339 998 453 1062 Omina
466 1004 541 1080 sunt
554 999 682 1085 aliquid.
726 1000 823 1064 Modo
837 1020 911 1063 oum
924 999 1085 1064 diseedere
1097 1001 1204 1076 uellet,

376 1098 417 1168 td
429 1098 527 1162 limen
540 1099 655 1181 digitos
667 1099 785 1181 restitit
798 1099 862 1162 iota
874 1098 977 1182 Nape.

337 1194 433 1260 Missa
444 1197 529 1259 doras
541 1195 656 1260 iterum
669 1197 768 1260 limen
781 1197 915 1260 transire
928 1200 1090 1288 memento

377 1293 509 1371 cautius,
524 1298 618 1378 atque
631 1295 694 1359 alte
706 1295 809 1359 sobria
820 1296 904 1359 ierne
917 1296 1042 1378 pedem.

337 1391 387 1456 Ite
399 1391 484 1468 hine,
500 1392 651 1471 difficiles,
666 1393 814 1458 funebria
825 1393 924 1476 ligna,
940 1393 1084 1470 tabellae,

376 1493 474 1573 tuque
488 1492 649 1574 negaturis
662 1511 733 1556 aera
745 1493 862 1556 referta
875 1491 969 1567 notis,

338 1607 441 1671 quarn,
456 1592 545 1672 puto,
562 1590 602 1652 de
614 1589 725 1672 longae
739 1589 903 1658 oolleotam
916 1590 992 1654 flore
1005 1590 1127 1653 oiontae

352 1731 358 1737 -
376 1687 468 1750 melle
481 1687 539 1750 snb
552 1686 664 1751 infami
679 1687 803 1772 Oorsioa
816 1686 905 1750 misit
917 1688 995 1770 apis.

338 1783 383 1866 At
396 1788 566 1867 tamquam,
581 1783 680 1850 minio
692 1784 822 1867 penitus
833 1783 1000 1857 medioata,
1016 1785 1160 1848 rubebas.

376 1881 436 1944 Ille
448 1882 533 1946 dolor
545 1901 616 1946 vere
629 1882 893 1967 sanguinulentus
905 1886 984 1946 erat.

339 1977 495 2042 Proiectae
509 1979 609 2043 triviis
622 1979 757 2056 iaceatis,
772 1979 887 2044 inutile
900 1978 1038 2062 lignum,

376 2095 490 2158 vosque
503 2080 589 2140 rotae
601 2078 728 2160 frangat
740 2075 971 2160 praetereuntis
984 2097 1075 2141 onus.

338 2173 435 2236 Illum
449 2174 553 2252 etiam,
569 2174 625 2257 qui
637 2194 692 2238 vos
704 2195 743 2238 ex
756 2175 865 2240 arbore
879 2175 976 2239 vertit
989 2175 1025 2237 in
1037 2195 1144 2252 usum,

378 2271 561 2334 oonrinoam
572 2292 667 2355 puras
680 2291 744 2335 uon
757 2271 903 2338 habuisse
916 2292 1039 2336 manus.

341 2367 488 2430 Praebuit
501 2369 556 2432 illa
567 2370 660 2432 arbor
671 2369 784 2432 misero
798 2369 968 2455 suspendia
980 2369 1077 2433 nollo:

379 2465 517 2528 carnifici
531 2465 615 2529 diras
627 2467 774 2548 praebuit
786 2466 841 2529 ilia
854 2486 977 2530 ornoes:

340 2561 395 2624 illa
407 2562 496 2624 dedit
508 2566 617 2645 turpes
629 2563 731 2626 ranois
744 2563 923 2626 bubonibus
934 2565 1078 2627 umbras:

379 2647 514 2722 vulturis
526 2659 562 2721 in
575 2661 669 2723 ramis
681 2663 715 2724 et
727 2660 833 2742 strigis
846 2680 906 2723 ova
920 2660 1006 2722 tulit.

340 2755 400 2818 His
413 2775 470 2838 ego
483 2755 624 2819 commisi
636 2759 760 2820 nostros
772 2757 902 2820 insanus
915 2777 1046 2833 amores,

379 2853 546 2936 molliaque
559 2854 599 2917 ad
612 2853 774 2918 dominam
789 2854 881 2917 rerba
894 2854 1026 2917 ferenda
1039 2853 1139 2917 dodi?

339 2950 456 3034 Aptius
468 2950 527 3015 bae
540 2951 665 3035 sapiant
678 2951 858 3015 vadimonia
870 2952 998 3032 geriola
1011 2971 1110 3027 oerae,

379 3069 455 3132 quas
467 3049 581 3131 aliquis
593 3050 673 3112 duro
686 3049 830 3131 cognitor
843 3068 896 3111 ore
909 3048 1003 3128 legat.

339 3147 428 3210 Inter
441 3147 655 3230 ephemeridas
667 3147 779 3210 melius
792 3147 978 3229 tabulasque
991 3147 1142 3223 iacerent,

379 3244 414 3307 in
427 3245 541 3327 quibus
552 3245 731 3327 absumptae
744 3245 833 3308 fleret
846 3264 959 3323 avarus
972 3264 1056 3327 opos.

341 3342 426 3425 Ergo
439 3362 496 3424 ego
509 3361 563 3405 ros
576 3343 667 3406 rebus
679 3342 820 3424 duplioes
833 3362 891 3425 pro
906 3342 1035 3406 nomine
1049 3342 1142 3406 sensi.

381 3438 523 3522 Auspicii
535 3459 685 3503 numerus
697 3460 763 3503 non
776 3443 844 3503 erat
855 3439 923 3523 ipse
937 3439 1021 3504 boni.

343 3533 425 3614 Quid
437 3557 546 3620 praoer
558 3536 680 3624 iratus?
698 3538 761 3602 uisi
774 3557 829 3602 vos
841 3539 959 3601 cariosa
972 3542 1117 3602 sensatus

381 3635 484 3716 rodat³
498 3637 531 3697 et
543 3634 697 3700 inmundo
709 3655 780 3700 oera
792 3634 834 3699 sit
846 3635 917 3698 alba
930 3634 1005 3698 situ.
