<?xml version="1.0" encoding="UTF-8"?>
<!DOCTYPE html PUBLIC "-//W3C//DTD XHTML 1.0 Transitional//EN"
    "http://www.w3.org/TR/xhtml1/DTD/xhtml1-transitional.dtd">
<html xmlns="http://www.w3.org/1999/xhtml" xml:lang="en" lang="en">
 <head>
  <title>
</title>
<meta http-equiv="Content-Type" content="text/html;charset=utf-8" />
  <meta name='ocr-system' content='tesseract 3.04.00' />
  <meta name='ocr-capabilities' content='ocr_page ocr_carea ocr_par ocr_line ocrx_word'/>
</head>
<body>
  <div class='ocr_page' id='page_1' title='image "./selectionsfromo00andegoog_0067.png"; bbox 0 0 3322 4462; ppageno 0'>
   <div class='ocr_carea' id='block_1_1' title="bbox 204 223 1101 294">
    <p class='ocr_par' dir='ltr' id='par_1_1' title="bbox 204 223 1101 294">
     <span class='ocr_line' id='line_1_1' title="bbox 204 223 1101 294; baseline 0 -18"><span class='ocrx_word' id='word_1_1' title='bbox 204 223 244 294; x_wconf 76' lang='grc'><strong>50</strong></span> <span class='ocrx_word' id='word_1_2' title='bbox 396 225 426 272; x_wconf 75' lang='grc' dir='ltr'><strong>Ρ.</strong></span> <span class='ocrx_word' id='word_1_3' title='bbox 451 224 567 273; x_wconf 78' lang='lat' dir='ltr'><strong>ovum</strong></span> <span class='ocrx_word' id='word_1_4' title='bbox 588 224 741 274; x_wconf 62' lang='lat' dir='ltr'><strong>macoma</strong></span> <span class='ocrx_word' id='word_1_5' title='bbox 763 225 926 275; x_wconf 71' lang='grc' dir='ltr'><strong>ΟΑΒΜῙΝΔ</strong></span> <span class='ocrx_word' id='word_1_6' title='bbox 946 227 1101 276; x_wconf 68' lang='lat' dir='ltr'>SEIAEOEA.</span> 
     </span>
    </p>
   </div>
   <div class='ocr_carea' id='block_1_2' title="bbox 205 375 1096 1924">
    <p class='ocr_par' dir='ltr' id='par_1_2' title="bbox 205 375 1059 557">
     <span class='ocr_line' id='line_1_2' title="bbox 205 375 1059 461; baseline 0 -20"><span class='ocrx_word' id='word_1_7' title='bbox 205 375 261 454; x_wconf 91' lang='lat' dir='ltr'><strong>Di,</strong></span> <span class='ocrx_word' id='word_1_8' title='bbox 276 395 395 461; x_wconf 87' lang='lat' dir='ltr'><strong>precor,</strong></span> <span class='ocrx_word' id='word_1_9' title='bbox 410 375 472 440; x_wconf 89' lang='lat' dir='ltr'><strong>hoc</strong></span> <span class='ocrx_word' id='word_1_10' title='bbox 484 375 626 451; x_wconf 90' lang='lat' dir='ltr'><strong>iubeant,</strong></span> <span class='ocrx_word' id='word_1_11' title='bbox 642 377 682 439; x_wconf 89' lang='lat' dir='ltr'><strong>ut</strong></span> <span class='ocrx_word' id='word_1_12' title='bbox 695 376 847 441; x_wconf 87' lang='lat' dir='ltr'><strong>euntibus</strong></span> <span class='ocrx_word' id='word_1_13' title='bbox 860 377 970 443; x_wconf 87' lang='lat' dir='ltr'><strong>crdiue</strong></span> <span class='ocrx_word' id='word_1_14' title='bbox 983 379 1059 442; x_wconf 74' lang='lat' dir='ltr'><strong>tatis</strong></span> 
     </span>
     <span class='ocr_line' id='line_1_3' title="bbox 244 473 885 557; baseline 0 -19"><span class='ocrx_word' id='word_1_15' title='bbox 244 474 299 539; x_wconf 90' lang='lat' dir='ltr'><strong>ille</strong></span> <span class='ocrx_word' id='word_1_16' title='bbox 311 493 396 538; x_wconf 85' lang='lat' dir='ltr'><strong>meos</strong></span> <span class='ocrx_word' id='word_1_17' title='bbox 409 473 515 538; x_wconf 90' lang='lat' dir='ltr'><strong>oculos</strong></span> <span class='ocrx_word' id='word_1_18' title='bbox 529 473 719 557; x_wconf 87' lang='lat' dir='ltr'><strong>conprimat,</strong></span> <span class='ocrx_word' id='word_1_19' title='bbox 735 474 790 539; x_wconf 88' lang='lat' dir='ltr'><strong>ille</strong></span> <span class='ocrx_word' id='word_1_20' title='bbox 804 478 885 540; x_wconf 90' lang='lat' dir='ltr'><strong>tuos.</strong></span> 
     </span>
    </p>

    <p class='ocr_par' dir='ltr' id='par_1_3' title="bbox 206 572 1061 742">
     <span class='ocr_line' id='line_1_4' title="bbox 206 572 1061 657; baseline 0.001 -20"><span class='ocrx_word' id='word_1_21' title='bbox 206 573 277 637; x_wconf 87' lang='lat' dir='ltr'><strong>Hac</strong></span> <span class='ocrx_word' id='word_1_22' title='bbox 288 572 412 636; x_wconf 72' lang='lat' dir='ltr'><strong>auant</strong></span> <span class='ocrx_word' id='word_1_23' title='bbox 425 575 591 656; x_wconf 87' lang='lat' dir='ltr'><strong>custosque</strong></span> <span class='ocrx_word' id='word_1_24' title='bbox 604 572 700 636; x_wconf 90' lang='lat' dir='ltr'><strong>boum</strong></span> <span class='ocrx_word' id='word_1_25' title='bbox 714 572 927 657; x_wconf 70' lang='lat' dir='ltr'>longaevaque</span> <span class='ocrx_word' id='word_1_26' title='bbox 940 574 1061 651; x_wconf 88' lang='lat' dir='ltr'><strong>nutrix,</strong></span> 
     </span>
     <span class='ocr_line' id='line_1_5' title="bbox 246 669 868 742; baseline 0 -7"><span class='ocrx_word' id='word_1_27' title='bbox 246 669 357 736; x_wconf 89' lang='lat' dir='ltr'><strong>tertius</strong></span> <span class='ocrx_word' id='word_1_28' title='bbox 371 669 544 734; x_wconf 76' lang='lat' dir='ltr'><strong>inmundae</strong></span> <span class='ocrx_word' id='word_1_29' title='bbox 557 690 634 734; x_wconf 89' lang='lat' dir='ltr'><strong>cura</strong></span> <span class='ocrx_word' id='word_1_30' title='bbox 646 670 750 734; x_wconf 91' lang='lat' dir='ltr'><strong>fidelis</strong></span> <span class='ocrx_word' id='word_1_31' title='bbox 763 671 868 742; x_wconf 87' lang='lat' dir='ltr'><strong>harae.</strong></span> 
     </span>
    </p>

    <p class='ocr_par' dir='ltr' id='par_1_4' title="bbox 207 766 972 948">
     <span class='ocr_line' id='line_1_6' title="bbox 207 766 972 852; baseline -0.001 -19"><span class='ocrx_word' id='word_1_32' title='bbox 207 768 269 842; x_wconf 82' lang='lat' dir='ltr'><strong>Sed</strong></span> <span class='ocrx_word' id='word_1_33' title='bbox 282 787 382 852; x_wconf 83' lang='lat' dir='ltr'><strong>usque</strong></span> <span class='ocrx_word' id='word_1_34' title='bbox 396 768 533 844; x_wconf 86' lang='lat' dir='ltr'><strong>Laertes,</strong></span> <span class='ocrx_word' id='word_1_35' title='bbox 549 770 588 830; x_wconf 92' lang='lat' dir='ltr'><strong>ut</strong></span> <span class='ocrx_word' id='word_1_36' title='bbox 602 766 656 850; x_wconf 91' lang='lat' dir='ltr'><strong>qui</strong></span> <span class='ocrx_word' id='word_1_37' title='bbox 671 768 714 831; x_wconf 90' lang='lat' dir='ltr'><strong>sit</strong></span> <span class='ocrx_word' id='word_1_38' title='bbox 726 767 854 832; x_wconf 87' lang='lat' dir='ltr'><strong>inutilis</strong></span> <span class='ocrx_word' id='word_1_39' title='bbox 866 769 972 846; x_wconf 87' lang='lat' dir='ltr'><strong>armis,</strong></span> 
     </span>
     <span class='ocr_line' id='line_1_7' title="bbox 244 865 919 948; baseline 0.003 -20"><span class='ocrx_word' id='word_1_40' title='bbox 244 865 386 930; x_wconf 72' lang='lat' dir='ltr'><strong>hostibus</strong></span> <span class='ocrx_word' id='word_1_41' title='bbox 398 865 434 928; x_wconf 86' lang='lat' dir='ltr'><strong>iu</strong></span> <span class='ocrx_word' id='word_1_42' title='bbox 448 865 560 929; x_wconf 90' lang='lat' dir='ltr'><strong>mediis</strong></span> <span class='ocrx_word' id='word_1_43' title='bbox 574 884 671 947; x_wconf 83' lang='lat' dir='ltr'><strong>regua</strong></span> <span class='ocrx_word' id='word_1_44' title='bbox 684 868 791 929; x_wconf 85' lang='lat' dir='ltr'><strong>tenere</strong></span> <span class='ocrx_word' id='word_1_45' title='bbox 804 869 919 948; x_wconf 87' lang='lat' dir='ltr'><strong>potest,</strong></span> 
     </span>
    </p>

    <p class='ocr_par' dir='ltr' id='par_1_5' title="bbox 206 961 984 1143">
     <span class='ocr_line' id='line_1_8' title="bbox 206 961 984 1038; baseline 0 -12"><span class='ocrx_word' id='word_1_46' title='bbox 206 963 391 1027; x_wconf 73' lang='lat' dir='ltr'><strong>Telemacho</strong></span> <span class='ocrx_word' id='word_1_47' title='bbox 406 961 520 1038; x_wconf 82' lang='lat' dir='ltr'><strong>veniet,</strong></span> <span class='ocrx_word' id='word_1_48' title='bbox 536 962 623 1026; x_wconf 82' lang='lat' dir='ltr'><strong>vivat</strong></span> <span class='ocrx_word' id='word_1_49' title='bbox 636 964 742 1038; x_wconf 88' lang='lat' dir='ltr'><strong>modo,</strong></span> <span class='ocrx_word' id='word_1_50' title='bbox 758 963 873 1027; x_wconf 79' lang='lat' dir='ltr'><strong>fortior</strong></span> <span class='ocrx_word' id='word_1_51' title='bbox 885 968 984 1027; x_wconf 78' lang='lat' dir='ltr'><strong>aetasr</strong></span> 
     </span>
     <span class='ocr_line' id='line_1_9' title="bbox 245 1058 876 1143; baseline 0.002 -20"><span class='ocrx_word' id='word_1_52' title='bbox 245 1079 331 1124; x_wconf 88' lang='lat' dir='ltr'><strong>nuuc</strong></span> <span class='ocrx_word' id='word_1_53' title='bbox 344 1063 412 1124; x_wconf 88' lang='lat' dir='ltr'><strong>erat</strong></span> <span class='ocrx_word' id='word_1_54' title='bbox 423 1059 551 1124; x_wconf 78' lang='lat' dir='ltr'>auxiliis</span> <span class='ocrx_word' id='word_1_55' title='bbox 563 1058 620 1122; x_wconf 89' lang='lat' dir='ltr'><strong>illa</strong></span> <span class='ocrx_word' id='word_1_56' title='bbox 634 1060 753 1124; x_wconf 90' lang='lat' dir='ltr'><strong>tuenda</strong></span> <span class='ocrx_word' id='word_1_57' title='bbox 766 1061 876 1143; x_wconf 79' lang='lat' dir='ltr'><strong>patria</strong></span> 
     </span>
    </p>

    <p class='ocr_par' dir='ltr' id='par_1_6' title="bbox 206 1157 995 1337">
     <span class='ocr_line' id='line_1_10' title="bbox 206 1157 995 1240; baseline -0.003 -19"><span class='ocrx_word' id='word_1_58' title='bbox 206 1177 265 1221; x_wconf 91' lang='lat' dir='ltr'><strong>uec</strong></span> <span class='ocrx_word' id='word_1_59' title='bbox 277 1157 356 1221; x_wconf 88' lang='lat' dir='ltr'><strong>mihi</strong></span> <span class='ocrx_word' id='word_1_60' title='bbox 369 1160 446 1220; x_wconf 91' lang='lat' dir='ltr'><strong>suut</strong></span> <span class='ocrx_word' id='word_1_61' title='bbox 458 1157 540 1221; x_wconf 85' lang='lat' dir='ltr'><strong>vires</strong></span> <span class='ocrx_word' id='word_1_62' title='bbox 553 1157 698 1220; x_wconf 89' lang='lat' dir='ltr'><strong>inimicos</strong></span> <span class='ocrx_word' id='word_1_63' title='bbox 711 1158 829 1240; x_wconf 88' lang='lat' dir='ltr'><strong>pellere</strong></span> <span class='ocrx_word' id='word_1_64' title='bbox 842 1158 949 1221; x_wconf 83' lang='lat' dir='ltr'><strong>tectis:</strong></span> <span class='ocrx_word' id='word_1_65' title='bbox 986 1209 995 1230; x_wconf 82' lang='lat'>‚</span> 
     </span>
     <span class='ocr_line' id='line_1_11' title="bbox 246 1254 876 1337; baseline 0 -19"><span class='ocrx_word' id='word_1_66' title='bbox 246 1259 283 1318; x_wconf 93' lang='lat' dir='ltr'><strong>tu</strong></span> <span class='ocrx_word' id='word_1_67' title='bbox 295 1255 389 1319; x_wconf 90' lang='lat' dir='ltr'><strong>citius</strong></span> <span class='ocrx_word' id='word_1_68' title='bbox 402 1254 519 1331; x_wconf 81' lang='lat' dir='ltr'><strong>venias,</strong></span> <span class='ocrx_word' id='word_1_69' title='bbox 535 1257 647 1337; x_wconf 88' lang='lat' dir='ltr'><strong>portus</strong></span> <span class='ocrx_word' id='word_1_70' title='bbox 659 1258 692 1319; x_wconf 89' lang='lat' dir='ltr'><strong>et</strong></span> <span class='ocrx_word' id='word_1_71' title='bbox 705 1275 784 1319; x_wconf 89' lang='lat' dir='ltr'><strong>aura</strong></span> <span class='ocrx_word' id='word_1_72' title='bbox 798 1256 876 1318; x_wconf 76' lang='lat' dir='ltr'><strong>tuis!</strong></span> 
     </span>
    </p>

    <p class='ocr_par' dir='ltr' id='par_1_7' title="bbox 207 1351 1096 1534">
     <span class='ocr_line' id='line_1_12' title="bbox 207 1351 1096 1436; baseline 0.001 -20"><span class='ocrx_word' id='word_1_73' title='bbox 207 1353 267 1416; x_wconf 75' lang='lat' dir='ltr'><strong>use</strong></span> <span class='ocrx_word' id='word_1_74' title='bbox 278 1351 348 1430; x_wconf 85' lang='lat' dir='ltr'><strong>tibi,</strong></span> <span class='ocrx_word' id='word_1_75' title='bbox 364 1353 477 1436; x_wconf 87' lang='lat' dir='ltr'><strong>sitque,</strong></span> <span class='ocrx_word' id='word_1_76' title='bbox 492 1372 614 1435; x_wconf 79' lang='lat' dir='ltr'><strong>precor,</strong></span> <span class='ocrx_word' id='word_1_77' title='bbox 630 1358 757 1436; x_wconf 84' lang='lat' dir='ltr'><strong>gnatus,</strong></span> <span class='ocrx_word' id='word_1_78' title='bbox 775 1353 829 1436; x_wconf 91' lang='lat' dir='ltr'><strong>qui</strong></span> <span class='ocrx_word' id='word_1_79' title='bbox 843 1353 991 1416; x_wconf 85' lang='lat' dir='ltr'><strong>mollibus</strong></span> <span class='ocrx_word' id='word_1_80' title='bbox 1003 1353 1096 1417; x_wconf 87' lang='lat' dir='ltr'><strong>anuis</strong></span> 
     </span>
     <span class='ocr_line' id='line_1_13' title="bbox 246 1449 802 1534; baseline 0 -20"><span class='ocrx_word' id='word_1_81' title='bbox 246 1451 281 1514; x_wconf 91' lang='lat' dir='ltr'><strong>iu</strong></span> <span class='ocrx_word' id='word_1_82' title='bbox 293 1451 409 1534; x_wconf 84' lang='lat' dir='ltr'><strong>patrias</strong></span> <span class='ocrx_word' id='word_1_83' title='bbox 421 1454 504 1514; x_wconf 87' lang='lat' dir='ltr'><strong>artes</strong></span> <span class='ocrx_word' id='word_1_84' title='bbox 517 1449 711 1514; x_wconf 90' lang='lat' dir='ltr'><strong>erudiendus</strong></span> <span class='ocrx_word' id='word_1_85' title='bbox 724 1456 802 1514; x_wconf 90' lang='lat' dir='ltr'><strong>erat.</strong></span> 
     </span>
    </p>

    <p class='ocr_par' dir='ltr' id='par_1_8' title="bbox 206 1548 978 1728">
     <span class='ocr_line' id='line_1_14' title="bbox 206 1548 978 1633; baseline 0.003 -22"><span class='ocrx_word' id='word_1_86' title='bbox 206 1548 336 1632; x_wconf 83' lang='lat' dir='ltr'><strong>Respice</strong></span> <span class='ocrx_word' id='word_1_87' title='bbox 350 1549 495 1633; x_wconf 85' lang='lat' dir='ltr'><strong>Laerten,</strong></span> <span class='ocrx_word' id='word_1_88' title='bbox 511 1553 550 1611; x_wconf 92' lang='lat' dir='ltr'><strong>ut</strong></span> <span class='ocrx_word' id='word_1_89' title='bbox 563 1549 627 1611; x_wconf 93' lang='lat' dir='ltr'><strong>iam</strong></span> <span class='ocrx_word' id='word_1_90' title='bbox 640 1568 698 1612; x_wconf 88' lang='lat' dir='ltr'><strong>sua</strong></span> <span class='ocrx_word' id='word_1_91' title='bbox 709 1549 835 1612; x_wconf 87' lang='lat' dir='ltr'><strong>lumina</strong></span> <span class='ocrx_word' id='word_1_92' title='bbox 848 1551 978 1613; x_wconf 78' lang='lat' dir='ltr'><strong>eandm:</strong></span> 
     </span>
     <span class='ocr_line' id='line_1_15' title="bbox 246 1631 928 1728; baseline -0.001 -18"><span class='ocrx_word' id='word_1_93' title='bbox 246 1648 421 1710; x_wconf 68' lang='lat' dir='ltr'><strong>exuamum</strong></span> <span class='ocrx_word' id='word_1_94' title='bbox 433 1645 494 1710; x_wconf 78' lang='lat' dir='ltr'><strong>ati</strong></span> <span class='ocrx_word' id='word_1_95' title='bbox 508 1645 645 1728; x_wconf 88' lang='lat' dir='ltr'><strong>sustiuet</strong></span> <span class='ocrx_word' id='word_1_96' title='bbox 657 1645 711 1710; x_wconf 89' lang='lat' dir='ltr'><strong>ille</strong></span> <span class='ocrx_word' id='word_1_97' title='bbox 725 1646 823 1710; x_wconf 86' lang='lat' dir='ltr'><strong>diem.</strong></span> <span class='ocrx_word' id='word_1_98' title='bbox 922 1631 928 1642; x_wconf 53' lang='lat'><strong><em>⁵</em></strong></span> 
     </span>
    </p>

    <p class='ocr_par' dir='ltr' id='par_1_9' title="bbox 207 1743 983 1924">
     <span class='ocr_line' id='line_1_16' title="bbox 207 1743 983 1826; baseline 0.003 -18"><span class='ocrx_word' id='word_1_99' title='bbox 207 1743 299 1808; x_wconf 86' lang='lat' dir='ltr'><strong>Oerte</strong></span> <span class='ocrx_word' id='word_1_100' title='bbox 311 1763 379 1824; x_wconf 81' lang='lat' dir='ltr'><strong>ego,</strong></span> <span class='ocrx_word' id='word_1_101' title='bbox 396 1763 474 1826; x_wconf 86' lang='lat' dir='ltr'><strong>quae</strong></span> <span class='ocrx_word' id='word_1_102' title='bbox 487 1744 613 1807; x_wconf 76' lang='lat' dir='ltr'><strong>fueram</strong></span> <span class='ocrx_word' id='word_1_103' title='bbox 626 1746 659 1806; x_wconf 85' lang='lat' dir='ltr'><strong>te</strong></span> <span class='ocrx_word' id='word_1_104' title='bbox 673 1743 855 1808; x_wconf 73' lang='lat' dir='ltr'><strong>discedente</strong></span> <span class='ocrx_word' id='word_1_105' title='bbox 868 1744 983 1826; x_wconf 88' lang='lat' dir='ltr'><strong>puella,</strong></span> 
     </span>
     <span class='ocr_line' id='line_1_17' title="bbox 246 1839 921 1924; baseline 0.003 -21"><span class='ocrx_word' id='word_1_106' title='bbox 246 1840 391 1924; x_wconf 87' lang='lat' dir='ltr'><strong>protinus</strong></span> <span class='ocrx_word' id='word_1_107' title='bbox 404 1841 443 1903; x_wconf 89' lang='lat' dir='ltr'><strong>ut</strong></span> <span class='ocrx_word' id='word_1_108' title='bbox 456 1839 572 1919; x_wconf 82' lang='lat' dir='ltr'><strong>venias,</strong></span> <span class='ocrx_word' id='word_1_109' title='bbox 589 1841 676 1904; x_wconf 77' lang='lat' dir='ltr'><strong>tacta</strong></span> <span class='ocrx_word' id='word_1_110' title='bbox 689 1841 819 1905; x_wconf 82' lang='lat' dir='ltr'><strong>videbor</strong></span> <span class='ocrx_word' id='word_1_111' title='bbox 832 1861 921 1905; x_wconf 89' lang='lat' dir='ltr'><strong>anus.</strong></span> 
     </span>
    </p>
   </div>
   <div class='ocr_carea' id='block_1_3' title="bbox 492 2176 1012 2420">
    <p class='ocr_par' dir='ltr' id='par_1_10' title="bbox 492 2176 1012 2420">
     <span class='ocr_line' id='line_1_18' title="bbox 492 2176 1012 2244; baseline 0.006 -5"><span class='ocrx_word' id='word_1_112' title='bbox 492 2181 523 2241; x_wconf 74' lang='lat'><strong>2.</strong></span> <span class='ocrx_word' id='word_1_113' title='bbox 561 2176 724 2241; x_wconf 76' lang='lat' dir='ltr'><em>MEDE&#39;A</em></span> <span class='ocrx_word' id='word_1_114' title='bbox 764 2179 822 2242; x_wconf 88' lang='lat' dir='ltr'><strong>TO</strong></span> <span class='ocrx_word' id='word_1_115' title='bbox 854 2178 1012 2244; x_wconf 80' lang='lat' dir='ltr'><strong><em>JASON.</em></strong></span> 
     </span>
     <span class='ocr_line' id='line_1_19' title="bbox 665 2372 836 2420; baseline 0 -2"><span class='ocrx_word' id='word_1_116' title='bbox 665 2372 748 2420; x_wconf 77' lang='lat' dir='ltr'><strong>usu.</strong></span> <span class='ocrx_word' id='word_1_117' title='bbox 771 2373 836 2419; x_wconf 84' lang='lat' dir='ltr'>x11.</span> 
     </span>
    </p>
   </div>
   <div class='ocr_carea' id='block_1_4' title="bbox 205 2530 1159 4079">
    <p class='ocr_par' dir='ltr' id='par_1_11' title="bbox 207 2530 958 2712">
     <span class='ocr_line' id='line_1_20' title="bbox 207 2530 958 2613; baseline -0.003 -15"><span class='ocrx_word' id='word_1_118' title='bbox 207 2534 254 2598; x_wconf 86' lang='lat' dir='ltr'><strong>At</strong></span> <span class='ocrx_word' id='word_1_119' title='bbox 267 2533 323 2598; x_wconf 89' lang='lat' dir='ltr'><strong>tibi</strong></span> <span class='ocrx_word' id='word_1_120' title='bbox 338 2531 538 2606; x_wconf 72' lang='lat' dir='ltr'><strong>Colchorum,</strong></span> <span class='ocrx_word' id='word_1_121' title='bbox 554 2530 698 2608; x_wconf 87' lang='lat' dir='ltr'><strong>memini,</strong></span> <span class='ocrx_word' id='word_1_122' title='bbox 715 2532 827 2613; x_wconf 84' lang='lat' dir='ltr'><strong>regina</strong></span> <span class='ocrx_word' id='word_1_123' title='bbox 843 2534 958 2609; x_wconf 82' lang='lat' dir='ltr'><strong>vacari,</strong></span> 
     </span>
     <span class='ocr_line' id='line_1_21' title="bbox 246 2619 957 2712; baseline -0.003 -17"><span class='ocrx_word' id='word_1_124' title='bbox 246 2651 296 2695; x_wconf 84' lang='lat' dir='ltr'><strong>ars</strong></span> <span class='ocrx_word' id='word_1_125' title='bbox 307 2650 377 2694; x_wconf 89' lang='lat' dir='ltr'><strong>mea</strong></span> <span class='ocrx_word' id='word_1_126' title='bbox 389 2649 463 2692; x_wconf 88' lang='lat' dir='ltr'><strong>cum</strong></span> <span class='ocrx_word' id='word_1_127' title='bbox 476 2632 598 2712; x_wconf 82' lang='lat' dir='ltr'><strong>peteres</strong></span> <span class='ocrx_word' id='word_1_128' title='bbox 611 2633 650 2692; x_wconf 88' lang='lat' dir='ltr'><strong>ut</strong></span> <span class='ocrx_word' id='word_1_129' title='bbox 663 2629 723 2692; x_wconf 88' lang='lat' dir='ltr'><strong>tibi</strong></span> <span class='ocrx_word' id='word_1_130' title='bbox 736 2619 837 2692; x_wconf 71' lang='lat' dir='ltr'><strong>derret</strong></span> <span class='ocrx_word' id='word_1_131' title='bbox 850 2634 957 2712; x_wconf 88' lang='lat' dir='ltr'><strong>opem!</strong></span> 
     </span>
    </p>

    <p class='ocr_par' dir='ltr' id='par_1_12' title="bbox 207 2725 963 2901">
     <span class='ocr_line' id='line_1_22' title="bbox 207 2725 963 2810; baseline -0.001 -19"><span class='ocrx_word' id='word_1_132' title='bbox 207 2727 299 2792; x_wconf 79' lang='lat' dir='ltr'><strong>Tunc</strong></span> <span class='ocrx_word' id='word_1_133' title='bbox 311 2746 390 2810; x_wconf 86' lang='lat' dir='ltr'><strong>quae</strong></span> <span class='ocrx_word' id='word_1_134' title='bbox 404 2726 588 2809; x_wconf 88' lang='lat' dir='ltr'><strong>dispensant</strong></span> <span class='ocrx_word' id='word_1_135' title='bbox 600 2725 749 2790; x_wconf 86' lang='lat' dir='ltr'><strong>mortalia</strong></span> <span class='ocrx_word' id='word_1_136' title='bbox 762 2727 831 2790; x_wconf 79' lang='lat' dir='ltr'><strong>iata</strong></span> <span class='ocrx_word' id='word_1_137' title='bbox 843 2746 963 2790; x_wconf 87' lang='lat' dir='ltr'><strong>sorores</strong></span> 
     </span>
     <span class='ocr_line' id='line_1_23' title="bbox 246 2822 799 2901; baseline -0.005 -13"><span class='ocrx_word' id='word_1_138' title='bbox 246 2825 419 2890; x_wconf 87' lang='lat' dir='ltr'><strong>debuerant</strong></span> <span class='ocrx_word' id='word_1_139' title='bbox 431 2824 519 2887; x_wconf 79' lang='lat' dir='ltr'><strong>fusos</strong></span> <span class='ocrx_word' id='word_1_140' title='bbox 532 2822 685 2886; x_wconf 85' lang='lat' dir='ltr'><strong>evoluisse</strong></span> <span class='ocrx_word' id='word_1_141' title='bbox 697 2843 799 2901; x_wconf 88' lang='lat' dir='ltr'><strong>mecs;</strong></span> 
     </span>
    </p>

    <p class='ocr_par' dir='ltr' id='par_1_13' title="bbox 206 2919 1029 3103">
     <span class='ocr_line' id='line_1_24' title="bbox 206 2919 1029 3005; baseline -0.004 -19"><span class='ocrx_word' id='word_1_142' title='bbox 206 2926 279 2986; x_wconf 86' lang='lat' dir='ltr'><strong>tum</strong></span> <span class='ocrx_word' id='word_1_143' title='bbox 290 2921 381 3005; x_wconf 89' lang='lat' dir='ltr'><strong>potui</strong></span> <span class='ocrx_word' id='word_1_144' title='bbox 394 2920 507 2985; x_wconf 82' lang='lat' dir='ltr'><strong>Medea</strong></span> <span class='ocrx_word' id='word_1_145' title='bbox 519 2919 601 2983; x_wconf 89' lang='lat' dir='ltr'><strong>mori</strong></span> <span class='ocrx_word' id='word_1_146' title='bbox 614 2921 704 2984; x_wconf 87' lang='lat' dir='ltr'><strong>bene.</strong></span> <span class='ocrx_word' id='word_1_147' title='bbox 750 2919 908 3004; x_wconf 77' lang='lat' dir='ltr'><strong>Quicquid</strong></span> <span class='ocrx_word' id='word_1_148' title='bbox 921 2921 960 2984; x_wconf 90' lang='lat' dir='ltr'><strong>ab</strong></span> <span class='ocrx_word' id='word_1_149' title='bbox 973 2921 1029 2983; x_wconf 89' lang='lat' dir='ltr'><strong>illo</strong></span> 
     </span>
     <span class='ocr_line' id='line_1_25' title="bbox 245 3018 870 3103; baseline -0.005 -20"><span class='ocrx_word' id='word_1_150' title='bbox 245 3019 382 3103; x_wconf 89' lang='lat' dir='ltr'><strong>produxi</strong></span> <span class='ocrx_word' id='word_1_151' title='bbox 395 3019 495 3082; x_wconf 85' lang='lat' dir='ltr'><strong>vitam</strong></span> <span class='ocrx_word' id='word_1_152' title='bbox 510 3027 661 3100; x_wconf 90' lang='lat' dir='ltr'><strong>tempore,</strong></span> <span class='ocrx_word' id='word_1_153' title='bbox 677 3038 781 3101; x_wconf 87' lang='lat' dir='ltr'><strong>poena</strong></span> <span class='ocrx_word' id='word_1_154' title='bbox 793 3018 870 3081; x_wconf 74' lang='lat' dir='ltr'><strong>ruit.</strong></span> 
     </span>
    </p>

    <p class='ocr_par' dir='ltr' id='par_1_14' title="bbox 207 3114 1032 3296">
     <span class='ocr_line' id='line_1_26' title="bbox 207 3114 1032 3199; baseline -0.005 -17"><span class='ocrx_word' id='word_1_155' title='bbox 207 3118 249 3182; x_wconf 81' lang='lat' dir='ltr'><strong>Ei</strong></span> <span class='ocrx_word' id='word_1_156' title='bbox 262 3117 355 3181; x_wconf 78' lang='lat' dir='ltr'><strong>mihil</strong></span> <span class='ocrx_word' id='word_1_157' title='bbox 377 3136 434 3180; x_wconf 93' lang='lat' dir='ltr'><strong>cur</strong></span> <span class='ocrx_word' id='word_1_158' title='bbox 449 3135 600 3199; x_wconf 89' lang='lat' dir='ltr'><strong>umquam</strong></span> <span class='ocrx_word' id='word_1_159' title='bbox 613 3115 813 3180; x_wconf 87' lang='lat' dir='ltr'><strong>iuvenalibus</strong></span> <span class='ocrx_word' id='word_1_160' title='bbox 826 3119 897 3178; x_wconf 88' lang='lat' dir='ltr'><strong>acta</strong></span> <span class='ocrx_word' id='word_1_161' title='bbox 908 3114 1032 3179; x_wconf 90' lang='lat' dir='ltr'><strong>lacertis</strong></span> 
     </span>
     <span class='ocr_line' id='line_1_27' title="bbox 248 3213 876 3296; baseline -0.005 -18"><span class='ocrx_word' id='word_1_162' title='bbox 248 3213 413 3278; x_wconf 85' lang='lat' dir='ltr'><strong>Phrixeam</strong></span> <span class='ocrx_word' id='word_1_163' title='bbox 427 3213 523 3296; x_wconf 89' lang='lat' dir='ltr'><strong>petiit</strong></span> <span class='ocrx_word' id='word_1_164' title='bbox 537 3213 640 3286; x_wconf 84' lang='lat' dir='ltr'><strong>Peliae</strong></span> <span class='ocrx_word' id='word_1_165' title='bbox 652 3214 746 3277; x_wconf 87' lang='lat' dir='ltr'><strong>arbor</strong></span> <span class='ocrx_word' id='word_1_166' title='bbox 759 3214 876 3277; x_wconf 73' lang='lat' dir='ltr'><strong>crem?</strong></span> 
     </span>
    </p>

    <p class='ocr_par' dir='ltr' id='par_1_15' title="bbox 208 3299 1028 3493">
     <span class='ocr_line' id='line_1_28' title="bbox 208 3299 1028 3395; baseline -0.006 -18"><span class='ocrx_word' id='word_1_167' title='bbox 208 3312 274 3377; x_wconf 89' lang='lat' dir='ltr'><strong>Our</strong></span> <span class='ocrx_word' id='word_1_168' title='bbox 286 3331 437 3395; x_wconf 89' lang='lat' dir='ltr'><strong>umquam</strong></span> <span class='ocrx_word' id='word_1_169' title='bbox 453 3309 564 3374; x_wconf 85' lang='lat' dir='ltr'><strong>Oclchi</strong></span> <span class='ocrx_word' id='word_1_170' title='bbox 579 3310 766 3392; x_wconf 76' lang='lat' dir='ltr'><strong>Magnetida</strong></span> <span class='ocrx_word' id='word_1_171' title='bbox 779 3299 918 3375; x_wconf 78' lang='lat' dir='ltr'><strong>vidimus</strong></span> <span class='ocrx_word' id='word_1_172' title='bbox 931 3310 1028 3391; x_wconf 82' lang='lat' dir='ltr'><strong>Argo,</strong></span> 
     </span>
     <span class='ocr_line' id='line_1_29' title="bbox 246 3405 995 3493; baseline -0.004 -20"><span class='ocrx_word' id='word_1_173' title='bbox 246 3405 399 3493; x_wconf 86' lang='lat' dir='ltr'><strong>turbaque</strong></span> <span class='ocrx_word' id='word_1_174' title='bbox 413 3408 598 3472; x_wconf 79' lang='lat' dir='ltr'><strong>Phasiacam</strong></span> <span class='ocrx_word' id='word_1_175' title='bbox 612 3408 708 3472; x_wconf 84' lang='lat' dir='ltr'><strong>Graia</strong></span> <span class='ocrx_word' id='word_1_176' title='bbox 720 3407 844 3471; x_wconf 87' lang='lat' dir='ltr'><strong>bibistis</strong></span> <span class='ocrx_word' id='word_1_177' title='bbox 857 3410 995 3491; x_wconf 74' lang='lat' dir='ltr'><strong>aquam?</strong></span> 
     </span>
    </p>

    <p class='ocr_par' dir='ltr' id='par_1_16' title="bbox 207 3504 933 3686">
     <span class='ocr_line' id='line_1_30' title="bbox 207 3504 933 3590; baseline -0.007 -17"><span class='ocrx_word' id='word_1_178' title='bbox 207 3508 274 3586; x_wconf 79' lang='lat' dir='ltr'><strong>Opr</strong></span> <span class='ocrx_word' id='word_1_179' title='bbox 286 3506 365 3571; x_wconf 88' lang='lat' dir='ltr'><strong>mihi</strong></span> <span class='ocrx_word' id='word_1_180' title='bbox 378 3506 452 3590; x_wconf 91' lang='lat' dir='ltr'><strong>plus</strong></span> <span class='ocrx_word' id='word_1_181' title='bbox 464 3526 564 3589; x_wconf 88' lang='lat' dir='ltr'><strong>aequo</strong></span> <span class='ocrx_word' id='word_1_182' title='bbox 578 3505 651 3569; x_wconf 84' lang='lat' dir='ltr'><strong>dari</strong></span> <span class='ocrx_word' id='word_1_183' title='bbox 664 3505 811 3588; x_wconf 85' lang='lat' dir='ltr'><strong>placusr&#39;e</strong></span> <span class='ocrx_word' id='word_1_184' title='bbox 825 3504 933 3587; x_wconf 88' lang='lat' dir='ltr'><strong>capilli</strong></span> 
     </span>
     <span class='ocr_line' id='line_1_31' title="bbox 244 3604 890 3686; baseline -0.006 -15"><span class='ocrx_word' id='word_1_185' title='bbox 244 3609 279 3671; x_wconf 89' lang='lat' dir='ltr'><strong>et</strong></span> <span class='ocrx_word' id='word_1_186' title='bbox 290 3605 384 3670; x_wconf 87' lang='lat' dir='ltr'><strong>decor</strong></span> <span class='ocrx_word' id='word_1_187' title='bbox 398 3608 432 3668; x_wconf 90' lang='lat' dir='ltr'><strong>et</strong></span> <span class='ocrx_word' id='word_1_188' title='bbox 444 3604 574 3686; x_wconf 86' lang='lat' dir='ltr'><strong>liuguae</strong></span> <span class='ocrx_word' id='word_1_189' title='bbox 587 3604 690 3685; x_wconf 88' lang='lat' dir='ltr'><strong>gratia</strong></span> <span class='ocrx_word' id='word_1_190' title='bbox 703 3605 779 3667; x_wconf 84' lang='lat' dir='ltr'><strong>fleta</strong></span> <span class='ocrx_word' id='word_1_191' title='bbox 793 3605 890 3667; x_wconf 73' lang='lat' dir='ltr'><strong>tuae?</strong></span> 
     </span>
    </p>

    <p class='ocr_par' dir='ltr' id='par_1_17' title="bbox 205 3700 1159 3883">
     <span class='ocr_line' id='line_1_32' title="bbox 205 3700 1159 3785; baseline -0.003 -17"><span class='ocrx_word' id='word_1_192' title='bbox 205 3704 276 3768; x_wconf 81' lang='lat' dir='ltr'><strong>Aut</strong></span> <span class='ocrx_word' id='word_1_193' title='bbox 287 3702 383 3767; x_wconf 88' lang='lat' dir='ltr'><strong>semel</strong></span> <span class='ocrx_word' id='word_1_194' title='bbox 396 3703 432 3766; x_wconf 87' lang='lat' dir='ltr'><strong>iu</strong></span> <span class='ocrx_word' id='word_1_195' title='bbox 444 3706 569 3766; x_wconf 86' lang='lat' dir='ltr'><strong>nostras</strong></span> <span class='ocrx_word' id='word_1_196' title='bbox 581 3700 733 3784; x_wconf 87' lang='lat' dir='ltr'><strong>quoniam</strong></span> <span class='ocrx_word' id='word_1_197' title='bbox 747 3721 830 3765; x_wconf 84' lang='lat' dir='ltr'><strong>nora</strong></span> <span class='ocrx_word' id='word_1_198' title='bbox 842 3702 959 3785; x_wconf 82' lang='lat' dir='ltr'>puppis</span> <span class='ocrx_word' id='word_1_199' title='bbox 971 3701 1102 3765; x_wconf 86' lang='lat' dir='ltr'><strong>harenas</strong></span> <span class='ocrx_word' id='word_1_200' title='bbox 1153 3763 1159 3773; x_wconf 85' lang='grc'><em>,</em></span> 
     </span>
     <span class='ocr_line' id='line_1_33' title="bbox 245 3799 851 3883; baseline -0.007 -17"><span class='ocrx_word' id='word_1_201' title='bbox 245 3805 374 3867; x_wconf 87' lang='lat' dir='ltr'><strong>reuerat</strong></span> <span class='ocrx_word' id='word_1_202' title='bbox 385 3800 514 3865; x_wconf 87' lang='lat' dir='ltr'><strong>audacis</strong></span> <span class='ocrx_word' id='word_1_203' title='bbox 527 3799 742 3883; x_wconf 76' lang='lat' dir='ltr'><strong>attuleratque</strong></span> <span class='ocrx_word' id='word_1_204' title='bbox 754 3800 851 3883; x_wconf 79' lang='lat' dir='ltr'><strong>viros,</strong></span> 
     </span>
    </p>

    <p class='ocr_par' dir='ltr' id='par_1_18' title="bbox 205 3897 981 4079">
     <span class='ocr_line' id='line_1_34' title="bbox 205 3897 949 3981; baseline -0.013 -12"><span class='ocrx_word' id='word_1_205' title='bbox 205 3899 453 3969; x_wconf 60' lang='lat' dir='ltr'><strong>incurreretur</strong></span> <span class='ocrx_word' id='word_1_206' title='bbox 467 3918 533 3964; x_wconf 88' lang='lat' dir='ltr'><strong>nou</strong></span> <span class='ocrx_word' id='word_1_207' title='bbox 546 3897 798 3981; x_wconf 80' lang='lat' dir='ltr'><strong>praemedicatus</strong></span> <span class='ocrx_word' id='word_1_208' title='bbox 811 3897 847 3960; x_wconf 91' lang='lat' dir='ltr'><strong>iu</strong></span> <span class='ocrx_word' id='word_1_209' title='bbox 860 3897 949 3979; x_wconf 79' lang='lat' dir='ltr'><strong>ignes</strong></span> 
     </span>
     <span class='ocr_line' id='line_1_35' title="bbox 247 3995 981 4079; baseline -0.008 -15"><span class='ocrx_word' id='word_1_210' title='bbox 247 3997 400 4064; x_wconf 85' lang='lat' dir='ltr'><strong>inmemor</strong></span> <span class='ocrx_word' id='word_1_211' title='bbox 412 3997 586 4063; x_wconf 85' lang='lat' dir='ltr'><strong>Aesonides</strong></span> <span class='ocrx_word' id='word_1_212' title='bbox 600 4015 715 4079; x_wconf 89' lang='lat' dir='ltr'><strong>oraque</strong></span> <span class='ocrx_word' id='word_1_213' title='bbox 728 3995 771 4059; x_wconf 92' lang='lat' dir='ltr'><strong>ad</strong></span> <span class='ocrx_word' id='word_1_214' title='bbox 786 3998 858 4067; x_wconf 84' lang='lat' dir='ltr'><strong>usta</strong></span> <span class='ocrx_word' id='word_1_215' title='bbox 870 3995 981 4058; x_wconf 80' lang='lat' dir='ltr'><strong>boum!</strong></span> 
     </span>
    </p>
   </div>
   <div class='ocr_carea' id='block_1_5' title="bbox 0 0 1669 4462">
    <p class='ocr_par' dir='ltr' id='par_1_19' title="bbox 0 0 1669 4462">
     <span class='ocr_line' id='line_1_36' title="bbox 0 0 1669 4462; baseline 0 0"><span class='ocrx_word' id='word_1_216' title='bbox 0 0 1669 4462; x_wconf 95' lang='lat' dir='ltr'><strong> </strong></span> 
     </span>
    </p>
   </div>
  </div>
 </body>
</html>
