3322 4462
223 229 265 294 62
423 252 450 297 r.
477 249 592 298 ovrmr
612 249 758 299 ussurus
777 251 940 301 ussurus
961 253 1118 302 sursum.

224 402 293 466 Nee
307 400 416 466 minus
430 404 479 465 est
492 401 624 465 confuse
637 401 744 466 Venus
755 402 909 467 moriente
923 403 1063 481 Tibullo,

265 519 362 584 quem
377 498 486 563 iuveni
501 499 590 582 rupit
603 519 675 563 oum
687 500 772 563 ierus
784 499 904 582 inguen
917 522 1004 585 aper.

224 597 271 661 At
285 597 365 662 seori
378 600 466 661 vetes
479 600 513 661 et
526 597 636 680 dirum
647 617 722 662 eure
735 617 894 662 vocemur:

265 699 343 760 suut
356 695 464 771 etiam,
481 687 537 778 qui
550 714 608 759 nos
622 715 738 758 numen
750 695 863 760 hebere
876 700 1004 779 putent.

226 793 354 857 Scilicet
368 813 462 856 omne
475 812 599 856 suerum
612 813 695 857 mors
708 793 888 876 importune
901 797 1067 877 proluunt:

266 891 414 955 omnibus
427 890 573 954 obscures
586 890 677 954 inieit
688 891 742 954 ille
755 911 876 955 manus.

226 987 312 1063 Quid
325 993 416 1069 puter
430 987 573 1063 Ismario,
590 987 668 1069 quid
680 993 779 1052 muter
791 989 914 1071 proluit
929 989 1083 1072 Orpheo?

266 1084 407 1148 carmine
421 1085 498 1167 quid
514 1084 611 1148 rietes
624 1084 805 1167 obstipuisse
818 1087 924 1150 ierus?

227 1179 238 1212 ‘
246 1180 406 1244 Aelinou'
421 1180 456 1243 iu
471 1180 558 1244 silvis
572 1180 655 1244 idem
667 1185 756 1264 peter
770 1182 935 1246 ‘selinon’
949 1183 1024 1246 eltis

266 1269 385 1342 dieitur
399 1278 502 1342 invite
514 1278 707 1343 eoneiuuime
719 1280 795 1362 lyre.

225 1376 326 1440 Adiee
341 1377 542 1453 Maeoniden,
559 1397 663 1460 equo,
677 1397 736 1441 eeu
748 1379 837 1442 iente
850 1380 994 1461 perenni,

269 1479 376 1539 vetum
391 1474 504 1538 Pieriis
517 1495 573 1538 ore
585 1474 728 1557 rigentur
740 1476 843 1558 squis3

224 1571 313 1637 hune
326 1592 454 1656 quoque
467 1591 591 1636 summu
604 1571 669 1636 dies
681 1572 771 1656 nigro
784 1575 952 1638 submersit
965 1576 1103 1642 Averno.

266 1670 450 1752 Defugiunt
463 1669 572 1733 aridos
584 1669 722 1733 eermius
734 1671 798 1734 sole
811 1691 912 1752 rogos.

226 1767 332 1844 Durat
345 1787 425 1852 opus
438 1770 560 1843 vetum,
577 1766 704 1831 Troiani
715 1768 800 1831 imus
811 1768 938 1845 luboris,

265 1853 420 1948 tardeque
434 1867 591 1928 nocturno
605 1865 667 1928 tels
678 1868 798 1928 retexta
810 1865 893 1928 dolo.

226 1957 280 2026 sio
293 1962 439 2026 Nemesis
451 1962 596 2044 longum,
612 1961 656 2025 sie
669 1962 768 2039 Delie,
784 1983 899 2027 nomen
913 1963 1087 2042 habebunt,

266 2059 376 2136 altere,
393 2079 470 2123 eure
482 2078 601 2136 reeens,
616 2059 722 2136 alteru,
737 2060 858 2142 primus
871 2081 969 2126 emor.

226 2156 312 2234 Quid
327 2177 381 2222 vos
394 2177 483 2221 suere
495 2156 630 2222 iurent?
649 2158 726 2241 quid
739 2177 825 2223 nuuc
838 2159 997 2242 Aegyptia
1008 2165 1145 2243 prosunt

266 2255 383 2318 sistra?
403 2253 482 2337 quid
495 2255 531 2316 in
545 2274 643 2318 saeuo
655 2255 827 2320 secubuisse
840 2258 934 2319 toro?

227 2351 311 2416 Oum
323 2351 452 2434 rapient
464 2351 549 2415 mels
561 2351 629 2415 fetu
640 2352 746 2428 bonos,
761 2353 914 2433 ignoseite
926 2355 1021 2432 iusso,

266 2443 419 2514 sollieitor
432 2449 538 2513 nullos
550 2469 615 2520 esse
627 2453 738 2532 putere
750 2451 832 2514 deos.

226 2545 308 2611 Vive
320 2546 410 2628 pius:
430 2546 573 2610 moriere.
617 2545 692 2610 Pius
704 2547 768 2611 eole
781 2567 882 2611 suere:
903 2548 1060 2612 uolentem

265 2663 351 2707 mors
365 2643 470 2725 gravis
482 2663 502 2706 e
515 2643 643 2726 templis
655 2643 690 2707 iu
702 2665 776 2708 esre
787 2645 880 2708 bustu
894 2645 1008 2708 trehet.

227 2738 431 2804 Oermiuibus
444 2739 568 2803 eeufide
580 2739 684 2804 benis:
703 2740 793 2818 isset,
808 2761 890 2816 eece,
907 2741 1069 2805 Tibullus:

267 2837 322 2900 vix
335 2839 445 2901 menet
457 2857 476 2900 ο
489 2839 558 2900 toto
571 2849 665 2919 perse
678 2839 761 2920 quod
773 2858 856 2903 urus
867 2837 964 2921 eupit.

227 2934 326 3010 Tene,
343 2955 430 2998 seeer
441 2938 540 3010 retes,
555 2935 697 2998 flummse
709 2936 838 3017 rapuere
852 2935 983 3018 rogales,

267 3031 448 3115 pectoribus
461 3031 548 3113 pessi
561 3051 620 3095 nee
632 3034 763 3098 timuere
774 3033 863 3096 tuis't

227 3129 336 3192 Aures
349 3132 532 3193 sanctorum
545 3127 721 3210 potuissent
733 3129 850 3210 temple
863 3131 997 3194 deorum

267 3246 370 3303 urere,
386 3245 468 3309 quse
482 3228 610 3289 tentum
624 3224 795 3289 sustinuere
807 3227 905 3289 nefus.

227 3320 355 3387 Avertit
369 3322 479 3385 vultus
493 3322 605 3404 Erycis
617 3342 696 3405 quse
708 3322 844 3404 posidet
857 3342 953 3386 eroes.

268 3419 353 3484 Sunt
366 3439 505 3502 quoque,
521 3418 578 3500 qui
591 3419 732 3482 leerimss
744 3419 935 3484 eontinuisse
948 3422 1078 3501 negent

228 3517 290 3582 Sed
304 3522 413 3582 temen
426 3516 489 3581 hoe
502 3516 626 3593 melius,
642 3517 775 3599 quamsi
788 3517 942 3582 Phueeeie
954 3517 1051 3582 tellus

266 3614 416 3695 ignotum
430 3613 487 3678 vili
502 3614 714 3696 subposuisse
725 3613 832 3678 humo.

227 3711 292 3775 Hie
305 3715 389 3775 certe
403 3712 548 3775 medidus
560 3710 712 3794 rugientis
723 3711 835 3795 pressit
847 3711 961 3776 suellos

267 3813 379 3886 meter,
396 3812 430 3873 et
443 3809 479 3872 iu
492 3808 612 3874 eineres
625 3809 737 3874 ultime
749 3809 832 3874 done
845 3809 933 3873 tulit.

227 3906 292 3970 Hie
305 3927 393 3972 soror
406 3906 441 3970 in
454 3910 577 3990 partem
592 3907 703 3971 misere
716 3927 786 3972 eum
801 3911 902 3972 metre
915 3906 1032 3972 doloris

267 4005 367 4085 veuit,
383 4005 548 4084 inornatus
560 4003 711 4070 dilsuisiu
723 4025 834 4072 eomes.
