<?xml version="1.0" encoding="UTF-8"?>
<!DOCTYPE html PUBLIC "-//W3C//DTD XHTML 1.0 Transitional//EN"
    "http://www.w3.org/TR/xhtml1/DTD/xhtml1-transitional.dtd">
<html xmlns="http://www.w3.org/1999/xhtml" xml:lang="en" lang="en">
 <head>
  <title>
</title>
<meta http-equiv="Content-Type" content="text/html;charset=utf-8" />
  <meta name='ocr-system' content='tesseract 3.04.00' />
  <meta name='ocr-capabilities' content='ocr_page ocr_carea ocr_par ocr_line ocrx_word'/>
</head>
<body>
  <div class='ocr_page' id='page_1' title='image "./selectionsfromo00andegoog_0022.png"; bbox 0 0 3322 4462; ppageno 0'>
   <div class='ocr_carea' id='block_1_1' title="bbox 611 231 1114 288">
    <p class='ocr_par' dir='ltr' id='par_1_1' title="bbox 611 231 1114 288">
     <span class='ocr_line' id='line_1_1' title="bbox 611 231 1114 288; baseline 0 -8"><span class='ocrx_word' id='word_1_1' title='bbox 611 232 680 280; x_wconf 77' lang='lat' dir='ltr'><strong>m</strong></span> <span class='ocrx_word' id='word_1_2' title='bbox 700 231 805 288; x_wconf 73' lang='lat' dir='ltr'><strong>FIDDD</strong></span> <span class='ocrx_word' id='word_1_3' title='bbox 825 231 865 278; x_wconf 71' lang='lat'><strong>0!</strong></span> <span class='ocrx_word' id='word_1_4' title='bbox 885 231 1114 281; x_wconf 72' lang='lat' dir='ltr'><strong>nsuosuoru-</strong></span> 
     </span>
    </p>
   </div>
   <div class='ocr_carea' id='block_1_2' title="bbox 480 446 1221 517">
    <p class='ocr_par' dir='ltr' id='par_1_2' title="bbox 480 446 1221 517">
     <span class='ocr_line' id='line_1_2' title="bbox 480 446 1221 517; baseline 0.005 -4"><span class='ocrx_word' id='word_1_5' title='bbox 480 455 512 516; x_wconf 74' lang='lat'><strong>2.</strong></span> <span class='ocrx_word' id='word_1_6' title='bbox 553 450 649 514; x_wconf 76' lang='lat' dir='ltr'><strong>THE</strong></span> <span class='ocrx_word' id='word_1_7' title='bbox 673 450 824 515; x_wconf 77' lang='lat' dir='ltr'><em>FLOOD</em></span> <span class='ocrx_word' id='word_1_8' title='bbox 856 451 916 516; x_wconf 63' lang='lat'><strong>011⁷</strong></span> <span class='ocrx_word' id='word_1_9' title='bbox 936 446 1221 517; x_wconf 74' lang='lat' dir='ltr'><strong>DnvosnloN.</strong></span> 
     </span>
    </p>
   </div>
   <div class='ocr_carea' id='block_1_3' title="bbox 706 617 1002 699">
    <p class='ocr_par' dir='ltr' id='par_1_3' title="bbox 706 617 1002 699">
     <span class='ocr_line' id='line_1_3' title="bbox 706 617 1002 699; baseline 0.01 -25"><span class='ocrx_word' id='word_1_10' title='bbox 706 629 783 675; x_wconf 69' lang='lat' dir='ltr'><strong>rm.</strong></span> <span class='ocrx_word' id='word_1_11' title='bbox 806 617 1002 699; x_wconf 52' lang='lat' dir='ltr'><strong>eccene,</strong></span> 
     </span>
    </p>
   </div>
   <div class='ocr_carea' id='block_1_4' title="bbox 308 770 1198 2124">
    <p class='ocr_par' dir='ltr' id='par_1_4' title="bbox 308 770 1198 1928">
     <span class='ocr_line' id='line_1_4' title="bbox 387 770 1184 855; baseline 0 -17"><span class='ocrx_word' id='word_1_12' title='bbox 387 770 542 838; x_wconf 77' lang='lat' dir='ltr'><strong>Protinus</strong></span> <span class='ocrx_word' id='word_1_13' title='bbox 558 771 678 837; x_wconf 83' lang='lat' dir='ltr'><strong>Aeoliis</strong></span> <span class='ocrx_word' id='word_1_14' title='bbox 692 771 885 855; x_wconf 77' lang='lat' dir='ltr'><strong>Aquilonem</strong></span> <span class='ocrx_word' id='word_1_15' title='bbox 898 772 1023 838; x_wconf 83' lang='lat' dir='ltr'><strong>olsudit</strong></span> <span class='ocrx_word' id='word_1_16' title='bbox 1035 770 1071 838; x_wconf 91' lang='lat' dir='ltr'><strong>in</strong></span> <span class='ocrx_word' id='word_1_17' title='bbox 1084 772 1184 838; x_wconf 73' lang='lat' dir='ltr'><strong>anuis</strong></span> 
     </span>
     <span class='ocr_line' id='line_1_5' title="bbox 308 869 1138 954; baseline 0.004 -22"><span class='ocrx_word' id='word_1_18' title='bbox 308 873 342 933; x_wconf 90' lang='lat' dir='ltr'><strong>et</strong></span> <span class='ocrx_word' id='word_1_19' title='bbox 355 889 579 954; x_wconf 79' lang='lat' dir='ltr'><strong>quoecumque</strong></span> <span class='ocrx_word' id='word_1_20' title='bbox 592 870 711 951; x_wconf 82' lang='lat' dir='ltr'><strong>lugunt</strong></span> <span class='ocrx_word' id='word_1_21' title='bbox 724 869 871 934; x_wconf 80' lang='lat' dir='ltr'><strong>inductus</strong></span> <span class='ocrx_word' id='word_1_22' title='bbox 884 870 1013 934; x_wconf 79' lang='lat' dir='ltr'><strong>flamine</strong></span> <span class='ocrx_word' id='word_1_23' title='bbox 1025 871 1138 946; x_wconf 88' lang='lat' dir='ltr'><strong>nubes,</strong></span> 
     </span>
     <span class='ocr_line' id='line_1_6' title="bbox 308 965 1151 1049; baseline 0 -19"><span class='ocrx_word' id='word_1_24' title='bbox 308 967 496 1049; x_wconf 87' lang='lat' dir='ltr'><strong>emittitque</strong></span> <span class='ocrx_word' id='word_1_25' title='bbox 510 966 645 1030; x_wconf 85' lang='lat' dir='ltr'><strong>Notum.</strong></span> <span class='ocrx_word' id='word_1_26' title='bbox 694 965 831 1032; x_wconf 84' lang='lat' dir='ltr'><strong>Msdidis</strong></span> <span class='ocrx_word' id='word_1_27' title='bbox 844 967 949 1031; x_wconf 82' lang='lat' dir='ltr'><strong>Notus</strong></span> <span class='ocrx_word' id='word_1_28' title='bbox 963 967 1071 1031; x_wconf 81' lang='lat' dir='ltr'><strong>evolet</strong></span> <span class='ocrx_word' id='word_1_29' title='bbox 1083 966 1151 1043; x_wconf 81' lang='lat' dir='ltr'><strong>slis,</strong></span> 
     </span>
     <span class='ocr_line' id='line_1_7' title="bbox 308 1061 1000 1146; baseline -0.001 -18"><span class='ocrx_word' id='word_1_30' title='bbox 308 1063 483 1128; x_wconf 74' lang='lat' dir='ltr'>terribilem</span> <span class='ocrx_word' id='word_1_31' title='bbox 496 1063 586 1146; x_wconf 82' lang='lat' dir='ltr'><strong>pices</strong></span> <span class='ocrx_word' id='word_1_32' title='bbox 599 1065 703 1138; x_wconf 84' lang='lat' dir='ltr'><strong>tectus</strong></span> <span class='ocrx_word' id='word_1_33' title='bbox 714 1061 846 1144; x_wconf 70' lang='lat' dir='ltr'><strong>caligine</strong></span> <span class='ocrx_word' id='word_1_34' title='bbox 859 1061 1000 1128; x_wconf 81' lang='lat' dir='ltr'><strong>vultum:</strong></span> 
     </span>
     <span class='ocr_line' id='line_1_8' title="bbox 308 1158 1093 1244; baseline 0 -19"><span class='ocrx_word' id='word_1_35' title='bbox 308 1162 405 1226; x_wconf 79' lang='lat' dir='ltr'><strong>herbe</strong></span> <span class='ocrx_word' id='word_1_36' title='bbox 416 1160 662 1244; x_wconf 62' lang='lat' dir='ltr'><strong>grssitm‘rnhisj</strong></span> <span class='ocrx_word' id='word_1_37' title='bbox 670 1159 765 1236; x_wconf 49' lang='lat' dir='ltr'><strong>scenis</strong></span> <span class='ocrx_word' id='word_1_38' title='bbox 777 1159 850 1224; x_wconf 87' lang='lat' dir='ltr'><strong>fluit</strong></span> <span class='ocrx_word' id='word_1_39' title='bbox 860 1160 946 1224; x_wconf 85' lang='lat' dir='ltr'><strong>unde</strong></span> <span class='ocrx_word' id='word_1_40' title='bbox 959 1158 1093 1244; x_wconf 73' lang='lat' dir='ltr'><strong>cupillis,</strong></span> 
     </span>
     <span class='ocr_line' id='line_1_9' title="bbox 308 1257 1184 1349; baseline 0.001 -26"><span class='ocrx_word' id='word_1_41' title='bbox 308 1261 414 1325; x_wconf 77' lang='lat' dir='ltr'><strong>fronte</strong></span> <span class='ocrx_word' id='word_1_42' title='bbox 428 1259 540 1324; x_wconf 86' lang='lat' dir='ltr'><strong>sedent</strong></span> <span class='ocrx_word' id='word_1_43' title='bbox 552 1259 697 1336; x_wconf 76' lang='lat' dir='ltr'><strong>nebulae,</strong></span> <span class='ocrx_word' id='word_1_44' title='bbox 712 1263 820 1349; x_wconf 64' lang='lat' dir='ltr'><strong>rorent</strong></span> <span class='ocrx_word' id='word_1_45' title='bbox 831 1279 1014 1342; x_wconf 74' lang='lat' dir='ltr'>pennaeque</span> <span class='ocrx_word' id='word_1_46' title='bbox 1028 1257 1184 1342; x_wconf 75' lang='lat' dir='ltr'><strong>sinusque.</strong></span> 
     </span>
     <span class='ocr_line' id='line_1_10' title="bbox 308 1345 1050 1441; baseline 0 -21"><span class='ocrx_word' id='word_1_47' title='bbox 308 1358 418 1441; x_wconf 89' lang='lat' dir='ltr'><strong>thue</strong></span> <span class='ocrx_word' id='word_1_48' title='bbox 430 1373 530 1420; x_wconf 85' lang='lat' dir='ltr'><strong>msnu</strong></span> <span class='ocrx_word' id='word_1_49' title='bbox 542 1357 607 1420; x_wconf 83' lang='lat' dir='ltr'><strong>lete</strong></span> <span class='ocrx_word' id='word_1_50' title='bbox 620 1345 791 1440; x_wconf 73' lang='lat' dir='ltr'><strong>pendentis</strong></span> <span class='ocrx_word' id='word_1_51' title='bbox 803 1356 912 1420; x_wconf 86' lang='lat' dir='ltr'><strong>nubile</strong></span> <span class='ocrx_word' id='word_1_52' title='bbox 924 1356 1050 1440; x_wconf 76' lang='lat' dir='ltr'><strong>pressit,</strong></span> 
     </span>
     <span class='ocr_line' id='line_1_11' title="bbox 308 1453 1198 1538; baseline -0.001 -19"><span class='ocrx_word' id='word_1_53' title='bbox 308 1456 347 1518; x_wconf 89' lang='lat' dir='ltr'><strong>lit</strong></span> <span class='ocrx_word' id='word_1_54' title='bbox 359 1457 482 1538; x_wconf 65' lang='lat' dir='ltr'><strong>tragon</strong></span> <span class='ocrx_word' id='word_1_55' title='bbox 503 1453 581 1530; x_wconf 86' lang='lat' dir='ltr'><strong>hine</strong></span> <span class='ocrx_word' id='word_1_56' title='bbox 594 1453 684 1518; x_wconf 87' lang='lat' dir='ltr'><strong>densi</strong></span> <span class='ocrx_word' id='word_1_57' title='bbox 698 1455 881 1518; x_wconf 81' lang='lat' dir='ltr'><strong>tunduntur</strong></span> <span class='ocrx_word' id='word_1_58' title='bbox 892 1454 932 1518; x_wconf 85' lang='lat' dir='ltr'><strong>nb</strong></span> <span class='ocrx_word' id='word_1_59' title='bbox 946 1453 1073 1519; x_wconf 77' lang='lat' dir='ltr'><strong>aethere</strong></span> <span class='ocrx_word' id='word_1_60' title='bbox 1086 1453 1198 1518; x_wconf 85' lang='lat' dir='ltr'><strong>nimbi.</strong></span> 
     </span>
     <span class='ocr_line' id='line_1_12' title="bbox 309 1551 950 1638; baseline 0.002 -22"><span class='ocrx_word' id='word_1_61' title='bbox 309 1553 343 1616; x_wconf 87' lang='lat' dir='ltr'>N</span> <span class='ocrx_word' id='word_1_62' title='bbox 344 1553 436 1618; x_wconf 82' lang='lat' dir='ltr'><strong>entis</strong></span> <span class='ocrx_word' id='word_1_63' title='bbox 448 1552 582 1616; x_wconf 89' lang='lat' dir='ltr'><strong>Iunonis</strong></span> <span class='ocrx_word' id='word_1_64' title='bbox 595 1552 697 1618; x_wconf 79' lang='lat' dir='ltr'><strong>¹sorios</strong></span> <span class='ocrx_word' id='word_1_65' title='bbox 710 1551 823 1638; x_wconf 72' lang='lat' dir='ltr'><strong>indute</strong></span> <span class='ocrx_word' id='word_1_66' title='bbox 834 1552 950 1617; x_wconf 88' lang='lat' dir='ltr'><strong>colores</strong></span> 
     </span>
     <span class='ocr_line' id='line_1_13' title="bbox 309 1649 1133 1734; baseline 0 -20"><span class='ocrx_word' id='word_1_67' title='bbox 309 1650 450 1732; x_wconf 75' lang='lat' dir='ltr'><strong>concipit</strong></span> <span class='ocrx_word' id='word_1_68' title='bbox 463 1649 524 1714; x_wconf 88' lang='lat' dir='ltr'><strong>Iris</strong></span> <span class='ocrx_word' id='word_1_69' title='bbox 537 1670 636 1732; x_wconf 85' lang='lat' dir='ltr'><strong>eques</strong></span> <span class='ocrx_word' id='word_1_70' title='bbox 647 1649 856 1734; x_wconf 80' lang='lat' dir='ltr'><strong>elimentequs</strong></span> <span class='ocrx_word' id='word_1_71' title='bbox 869 1651 1007 1715; x_wconf 89' lang='lat' dir='ltr'><strong>nubibus</strong></span> <span class='ocrx_word' id='word_1_72' title='bbox 1019 1651 1133 1714; x_wconf 75' lang='lat' dir='ltr'><strong>sdiert</strong></span> 
     </span>
     <span class='ocr_line' id='line_1_14' title="bbox 310 1746 1017 1830; baseline -0.003 -19"><span class='ocrx_word' id='word_1_73' title='bbox 310 1747 506 1824; x_wconf 79' lang='lat' dir='ltr'><strong>Sternuntur</strong></span> <span class='ocrx_word' id='word_1_74' title='bbox 518 1751 639 1829; x_wconf 81' lang='lat' dir='ltr'><strong>segetes</strong></span> <span class='ocrx_word' id='word_1_75' title='bbox 650 1751 685 1812; x_wconf 87' lang='lat' dir='ltr'><strong>et</strong></span> <span class='ocrx_word' id='word_1_76' title='bbox 696 1746 856 1830; x_wconf 75' lang='lat' dir='ltr'><strong>deplorate</strong></span> <span class='ocrx_word' id='word_1_77' title='bbox 868 1747 986 1811; x_wconf 87' lang='lat' dir='ltr'><strong>colonis</strong></span> <span class='ocrx_word' id='word_1_78' title='bbox 1007 1786 1017 1800; x_wconf 82' lang='lat'><em>-</em></span> 
     </span>
     <span class='ocr_line' id='line_1_15' title="bbox 310 1844 1101 1928; baseline -0.001 -20"><span class='ocrx_word' id='word_1_79' title='bbox 310 1850 383 1909; x_wconf 74' lang='lat' dir='ltr'><strong>sote</strong></span> <span class='ocrx_word' id='word_1_80' title='bbox 395 1845 511 1922; x_wconf 89' lang='lat' dir='ltr'><strong>iscent,</strong></span> <span class='ocrx_word' id='word_1_81' title='bbox 527 1845 678 1927; x_wconf 81' lang='lat' dir='ltr'><strong>longique</strong></span> <span class='ocrx_word' id='word_1_82' title='bbox 691 1844 774 1928; x_wconf 89' lang='lat' dir='ltr'><strong>perit</strong></span> <span class='ocrx_word' id='word_1_83' title='bbox 785 1845 873 1908; x_wconf 76' lang='lat' dir='ltr'><strong>leber</strong></span> <span class='ocrx_word' id='word_1_84' title='bbox 884 1844 1000 1928; x_wconf 71' lang='lat' dir='ltr'><strong>inritus</strong></span> <span class='ocrx_word' id='word_1_85' title='bbox 1013 1845 1101 1907; x_wconf 86' lang='lat' dir='ltr'><strong>enni.</strong></span> 
     </span>
    </p>

    <p class='ocr_par' dir='ltr' id='par_1_5' title="bbox 310 1931 1190 2124">
     <span class='ocr_line' id='line_1_16' title="bbox 389 1931 1190 2019; baseline -0.004 -12"><span class='ocrx_word' id='word_1_86' title='bbox 389 1943 459 2007; x_wconf 85' lang='lat' dir='ltr'><strong>Nee</strong></span> <span class='ocrx_word' id='word_1_87' title='bbox 471 1942 557 2007; x_wconf 85' lang='lat' dir='ltr'><strong>cselo</strong></span> <span class='ocrx_word' id='word_1_88' title='bbox 570 1946 722 2007; x_wconf 81' lang='lat' dir='ltr'><strong>contente</strong></span> <span class='ocrx_word' id='word_1_89' title='bbox 733 1962 789 2007; x_wconf 91' lang='lat' dir='ltr'><strong>sno</strong></span> <span class='ocrx_word' id='word_1_90' title='bbox 801 1946 848 2006; x_wconf 89' lang='lat' dir='ltr'><strong>est</strong></span> <span class='ocrx_word' id='word_1_91' title='bbox 860 1931 966 2006; x_wconf 82' lang='lat' dir='ltr'><strong>Iovis</strong></span> <span class='ocrx_word' id='word_1_92' title='bbox 957 1962 1015 2019; x_wconf 75' lang='lat' dir='ltr'><strong>urs,</strong></span> <span class='ocrx_word' id='word_1_93' title='bbox 1031 1943 1085 2006; x_wconf 86' lang='lat' dir='ltr'><strong>sed</strong></span> <span class='ocrx_word' id='word_1_94' title='bbox 1099 1941 1190 2004; x_wconf 91' lang='lat' dir='ltr'><strong>illum</strong></span> 
     </span>
     <span class='ocr_line' id='line_1_17' title="bbox 310 2039 1018 2124; baseline -0.004 -18"><span class='ocrx_word' id='word_1_95' title='bbox 310 2042 471 2106; x_wconf 80' lang='lat' dir='ltr'><strong>coeruleus</strong></span> <span class='ocrx_word' id='word_1_96' title='bbox 483 2042 584 2106; x_wconf 85' lang='lat' dir='ltr'><strong>ireter</strong></span> <span class='ocrx_word' id='word_1_97' title='bbox 596 2041 686 2124; x_wconf 62' lang='lat' dir='ltr'><strong>em</strong></span> <span class='ocrx_word' id='word_1_98' title='bbox 698 2039 901 2106; x_wconf 69' lang='lat' dir='ltr'><strong>auxiliaribus</strong></span> <span class='ocrx_word' id='word_1_99' title='bbox 913 2039 1018 2104; x_wconf 84' lang='lat' dir='ltr'><strong>undis.</strong></span> 
     </span>
    </p>
   </div>
   <div class='ocr_carea' id='block_1_5' title="bbox 1228 2017 1246 2070">
    <p class='ocr_par' dir='ltr' id='par_1_6' title="bbox 1228 2017 1246 2070">
     <span class='ocr_line' id='line_1_18' title="bbox 1228 2017 1246 2070; baseline 0 0"><span class='ocrx_word' id='word_1_100' title='bbox 1228 2017 1246 2070; x_wconf 59' lang='grc' dir='ltr'><strong>κ’</strong></span> 
     </span>
    </p>
   </div>
   <div class='ocr_carea' id='block_1_6' title="bbox 183 2103 1191 2231">
    <p class='ocr_par' dir='ltr' id='par_1_7' title="bbox 183 2103 1191 2231">
     <span class='ocr_line' id='line_1_19' title="bbox 183 2103 1191 2231; baseline -0.004 -27"><span class='ocrx_word' id='word_1_101' title='bbox 183 2130 187 2139; x_wconf 70' lang='grc'><em>’</em></span> <span class='ocrx_word' id='word_1_102' title='bbox 312 2137 669 2203; x_wconf 81' lang='lat' dir='ltr'><strong>Oonvocsthicemnes.</strong></span> <span class='ocrx_word' id='word_1_103' title='bbox 714 2137 775 2214; x_wconf 82' lang='lat' dir='ltr'><strong>Qui</strong></span> <span class='ocrx_word' id='word_1_104' title='bbox 788 2141 952 2221; x_wconf 83' lang='lat' dir='ltr'><strong>postquem</strong></span> <span class='ocrx_word' id='word_1_105' title='bbox 968 2103 1191 2231; x_wconf 55' lang='lat' dir='ltr'><strong>teffltyrsniri</strong></span> 
     </span>
    </p>
   </div>
   <div class='ocr_carea' id='block_1_7' title="bbox 311 2224 1233 3582">
    <p class='ocr_par' dir='ltr' id='par_1_8' title="bbox 311 2224 1233 2688">
     <span class='ocr_line' id='line_1_20' title="bbox 311 2224 1190 2316; baseline -0.001 -17"><span class='ocrx_word' id='word_1_106' title='bbox 311 2237 468 2300; x_wconf 81' lang='lat' dir='ltr'><strong>intravere</strong></span> <span class='ocrx_word' id='word_1_107' title='bbox 481 2236 543 2312; x_wconf 87' lang='lat' dir='ltr'><strong>sul,</strong></span> <span class='ocrx_word' id='word_1_108' title='bbox 561 2235 655 2299; x_wconf 85' lang='lat' dir='ltr'><strong>‘Non</strong></span> <span class='ocrx_word' id='word_1_109' title='bbox 670 2239 719 2300; x_wconf 90' lang='lat' dir='ltr'><strong>est</strong></span> <span class='ocrx_word' id='word_1_110' title='bbox 730 2235 906 2300; x_wconf 73' lang='lat' dir='ltr'><strong>hortamine</strong></span> <span class='ocrx_word' id='word_1_111' title='bbox 918 2235 1015 2316; x_wconf 82' lang='lat' dir='ltr'><strong>longo</strong></span> <span class='ocrx_word' id='word_1_112' title='bbox 1065 2224 1153 2264; x_wconf 58' lang='grc'><strong>““··”</strong></span> <span class='ocrx_word' id='word_1_113' title='bbox 1183 2244 1190 2254; x_wconf 90' lang='grc'>’</span> 
     </span>
     <span class='ocr_line' id='line_1_21' title="bbox 312 2331 1124 2408; baseline 0 -13"><span class='ocrx_word' id='word_1_114' title='bbox 312 2352 399 2396; x_wconf 89' lang='lat' dir='ltr'><strong>nnnc</strong></span> <span class='ocrx_word' id='word_1_115' title='bbox 409 2333 480 2396; x_wconf 88' lang='lat' dir='ltr'><strong>&#39;sit</strong></span> <span class='ocrx_word' id='word_1_116' title='bbox 495 2332 684 2396; x_wconf 80' lang='lat' dir='ltr'><strong>‘utendum</strong></span> <span class='ocrx_word' id='word_1_117' title='bbox 725 2331 817 2397; x_wconf 90' lang='lat' dir='ltr'><strong>Vires</strong></span> <span class='ocrx_word' id='word_1_118' title='bbox 829 2332 982 2396; x_wconf 77' lang='lat' dir='ltr'><strong>effundite</strong></span> <span class='ocrx_word' id='word_1_119' title='bbox 997 2335 1124 2408; x_wconf 79' lang='lat' dir='ltr'><strong>vestros,</strong></span> 
     </span>
     <span class='ocr_line' id='line_1_22' title="bbox 312 2429 1064 2524; baseline -0.004 -30"><span class='ocrx_word' id='word_1_120' title='bbox 312 2430 451 2524; x_wconf 51' lang='lat' dir='ltr'><strong>sinopes</strong></span> <span class='ocrx_word' id='word_1_121' title='bbox 463 2434 525 2508; x_wconf 81' lang='lat' dir='ltr'><strong>est3</strong></span> <span class='ocrx_word' id='word_1_122' title='bbox 545 2429 666 2512; x_wconf 81' lang='lat' dir='ltr'><strong>operite</strong></span> <span class='ocrx_word' id='word_1_123' title='bbox 679 2430 787 2510; x_wconf 83' lang='lat' dir='ltr'><strong>domos</strong></span> <span class='ocrx_word' id='word_1_124' title='bbox 798 2449 835 2493; x_wconf 88' lang='lat' dir='ltr'><strong>sc</strong></span> <span class='ocrx_word' id='word_1_125' title='bbox 847 2429 929 2492; x_wconf 90' lang='lat' dir='ltr'><strong>mole</strong></span> <span class='ocrx_word' id='word_1_126' title='bbox 942 2431 1064 2492; x_wconf 80' lang='lat' dir='ltr'><strong>remote</strong></span> 
     </span>
     <span class='ocr_line' id='line_1_23' title="bbox 313 2525 1233 2617; baseline -0.001 -27"><span class='ocrx_word' id='word_1_127' title='bbox 313 2527 499 2590; x_wconf 88' lang='lat' dir='ltr'><strong>fluminibus</strong></span> <span class='ocrx_word' id='word_1_128' title='bbox 511 2526 624 2603; x_wconf 81' lang='lat' dir='ltr'><strong>vestris</strong></span> <span class='ocrx_word' id='word_1_129' title='bbox 636 2529 720 2590; x_wconf 89' lang='lat' dir='ltr'><strong>totss</strong></span> <span class='ocrx_word' id='word_1_130' title='bbox 732 2526 884 2590; x_wconf 87' lang='lat' dir='ltr'><strong>inmittite</strong></span> <span class='ocrx_word' id='word_1_131' title='bbox 896 2525 1058 2590; x_wconf 61' lang='lat' dir='ltr'><strong>hebenus)</strong></span> <span class='ocrx_word' id='word_1_132' title='bbox 1229 2605 1233 2617; x_wconf 17' lang='lat' dir='ltr'>A</span> 
     </span>
     <span class='ocr_line' id='line_1_24' title="bbox 313 2623 1096 2688; baseline -0.003 0"><span class='ocrx_word' id='word_1_133' title='bbox 313 2625 466 2688; x_wconf 77' lang='lat' dir='ltr'><strong>Iusseretz</strong></span> <span class='ocrx_word' id='word_1_134' title='bbox 487 2624 522 2687; x_wconf 90' lang='lat' dir='ltr'><strong>hi</strong></span> <span class='ocrx_word' id='word_1_135' title='bbox 536 2624 672 2687; x_wconf 87' lang='lat' dir='ltr'><strong>redeunt</strong></span> <span class='ocrx_word' id='word_1_136' title='bbox 684 2643 720 2688; x_wconf 88' lang='lat' dir='ltr'><strong>sc</strong></span> <span class='ocrx_word' id='word_1_137' title='bbox 733 2623 874 2688; x_wconf 78' lang='lat' dir='ltr'><strong>lontibus</strong></span> <span class='ocrx_word' id='word_1_138' title='bbox 886 2642 941 2687; x_wconf 84' lang='lat' dir='ltr'><strong>cre</strong></span> <span class='ocrx_word' id='word_1_139' title='bbox 952 2623 1096 2686; x_wconf 76' lang='lat' dir='ltr'><strong>relaxent</strong></span> 
     </span>
    </p>

    <p class='ocr_par' dir='ltr' id='par_1_9' title="bbox 312 2720 1018 2804">
     <span class='ocr_line' id='line_1_25' title="bbox 312 2720 1018 2804; baseline -0.001 -20"><span class='ocrx_word' id='word_1_140' title='bbox 312 2728 345 2784; x_wconf 90' lang='lat' dir='ltr'><strong>et</strong></span> <span class='ocrx_word' id='word_1_141' title='bbox 356 2723 523 2786; x_wconf 67' lang='lat' dir='ltr'><strong>defrenato</strong></span> <span class='ocrx_word' id='word_1_142' title='bbox 536 2721 710 2796; x_wconf 74' lang='lat' dir='ltr'><strong>solvuntur</strong></span> <span class='ocrx_word' id='word_1_143' title='bbox 723 2720 757 2784; x_wconf 93' lang='lat' dir='ltr'><strong>in</strong></span> <span class='ocrx_word' id='word_1_144' title='bbox 769 2739 902 2804; x_wconf 81' lang='lat' dir='ltr'><strong>sequere</strong></span> <span class='ocrx_word' id='word_1_145' title='bbox 913 2739 1018 2784; x_wconf 88' lang='lat' dir='ltr'><strong>cursu.</strong></span> 
     </span>
    </p>

    <p class='ocr_par' dir='ltr' id='par_1_10' title="bbox 313 2816 1166 3477">
     <span class='ocr_line' id='line_1_26' title="bbox 313 2816 1045 2902; baseline -0.003 -20"><span class='ocrx_word' id='word_1_146' title='bbox 313 2819 384 2902; x_wconf 91' lang='lat' dir='ltr'><strong>Ipse</strong></span> <span class='ocrx_word' id='word_1_147' title='bbox 398 2818 538 2882; x_wconf 85' lang='lat' dir='ltr'><strong>tridente</strong></span> <span class='ocrx_word' id='word_1_148' title='bbox 551 2838 609 2881; x_wconf 93' lang='lat' dir='ltr'><strong>suo</strong></span> <span class='ocrx_word' id='word_1_149' title='bbox 622 2820 739 2882; x_wconf 84' lang='lat' dir='ltr'><strong>terrem</strong></span> <span class='ocrx_word' id='word_1_150' title='bbox 755 2817 920 2900; x_wconf 76' lang='lat' dir='ltr'><strong>percussit:</strong></span> <span class='ocrx_word' id='word_1_151' title='bbox 940 2822 975 2881; x_wconf 85' lang='lat' dir='ltr'><strong>et</strong></span> <span class='ocrx_word' id='word_1_152' title='bbox 988 2816 1045 2880; x_wconf 85' lang='lat' dir='ltr'><strong>ills</strong></span> 
     </span>
     <span class='ocr_line' id='line_1_27' title="bbox 313 2915 1166 2998; baseline -0.006 -16"><span class='ocrx_word' id='word_1_153' title='bbox 313 2916 481 2982; x_wconf 88' lang='lat' dir='ltr'><strong>intremuit</strong></span> <span class='ocrx_word' id='word_1_154' title='bbox 493 2919 647 2998; x_wconf 87' lang='lat' dir='ltr'><strong>motuque</strong></span> <span class='ocrx_word' id='word_1_155' title='bbox 659 2915 726 2980; x_wconf 76' lang='lat' dir='ltr'><strong>vics</strong></span> <span class='ocrx_word' id='word_1_156' title='bbox 738 2915 888 2997; x_wconf 81' lang='lat' dir='ltr'><strong>pstelecit</strong></span> <span class='ocrx_word' id='word_1_157' title='bbox 899 2931 1062 2998; x_wconf 77' lang='lat' dir='ltr'><strong>sque-rum</strong></span> <span class='ocrx_word' id='word_1_158' title='bbox 1163 2939 1166 2945; x_wconf 91' lang='lat'>·</span> 
     </span>
     <span class='ocr_line' id='line_1_28' title="bbox 314 3011 1101 3097; baseline -0.005 -20"><span class='ocrx_word' id='word_1_159' title='bbox 314 3013 499 3097; x_wconf 78' lang='lat' dir='ltr'><strong>Exspstiste</strong></span> <span class='ocrx_word' id='word_1_160' title='bbox 511 3016 613 3077; x_wconf 87' lang='lat' dir='ltr'><strong>ruunt</strong></span> <span class='ocrx_word' id='word_1_161' title='bbox 625 3032 683 3095; x_wconf 88' lang='lat' dir='ltr'><strong>per</strong></span> <span class='ocrx_word' id='word_1_162' title='bbox 695 3016 817 3096; x_wconf 80' lang='lat' dir='ltr'><strong>opertos</strong></span> <span class='ocrx_word' id='word_1_163' title='bbox 830 3011 961 3075; x_wconf 85' lang='lat' dir='ltr'><strong>flumine</strong></span> <span class='ocrx_word' id='word_1_164' title='bbox 974 3031 1101 3094; x_wconf 86' lang='lat' dir='ltr'><strong>csmpos</strong></span> 
     </span>
     <span class='ocr_line' id='line_1_29' title="bbox 313 3107 1150 3194; baseline -0.002 -22"><span class='ocrx_word' id='word_1_165' title='bbox 313 3130 449 3194; x_wconf 89' lang='lat' dir='ltr'><strong>cumque</strong></span> <span class='ocrx_word' id='word_1_166' title='bbox 462 3110 538 3174; x_wconf 85' lang='lat' dir='ltr'><strong>setis</strong></span> <span class='ocrx_word' id='word_1_167' title='bbox 550 3109 680 3173; x_wconf 77' lang='lat' dir='ltr'><strong>arbusto</strong></span> <span class='ocrx_word' id='word_1_168' title='bbox 691 3109 786 3172; x_wconf 82' lang='lat' dir='ltr'><strong>simul</strong></span> <span class='ocrx_word' id='word_1_169' title='bbox 798 3109 993 3192; x_wconf 86' lang='lat' dir='ltr'><strong>pecudesque</strong></span> <span class='ocrx_word' id='word_1_170' title='bbox 1006 3107 1150 3190; x_wconf 82' lang='lat' dir='ltr'><strong>virosque</strong></span> 
     </span>
     <span class='ocr_line' id='line_1_30' title="bbox 313 3204 1131 3290; baseline -0.005 -18"><span class='ocrx_word' id='word_1_171' title='bbox 313 3211 459 3290; x_wconf 88' lang='lat' dir='ltr'><strong>teotsque</strong></span> <span class='ocrx_word' id='word_1_172' title='bbox 472 3227 608 3290; x_wconf 91' lang='lat' dir='ltr'><strong>cumque</strong></span> <span class='ocrx_word' id='word_1_173' title='bbox 622 3206 687 3270; x_wconf 87' lang='lat' dir='ltr'><strong>suis</strong></span> <span class='ocrx_word' id='word_1_174' title='bbox 700 3205 829 3289; x_wconf 78' lang='lat' dir='ltr'><strong>rapiunt</strong></span> <span class='ocrx_word' id='word_1_175' title='bbox 840 3205 1014 3288; x_wconf 77' lang='lat' dir='ltr'><strong>penetralis</strong></span> <span class='ocrx_word' id='word_1_176' title='bbox 1027 3204 1131 3268; x_wconf 82' lang='lat' dir='ltr'><strong>sceris.</strong></span> 
     </span>
     <span class='ocr_line' id='line_1_31' title="bbox 315 3303 1105 3388; baseline -0.003 -20"><span class='ocrx_word' id='word_1_177' title='bbox 315 3305 412 3388; x_wconf 83' lang='lat' dir='ltr'><strong>Siqne</strong></span> <span class='ocrx_word' id='word_1_178' title='bbox 424 3305 538 3368; x_wconf 87' lang='lat' dir='ltr'><strong>domus</strong></span> <span class='ocrx_word' id='word_1_179' title='bbox 551 3304 670 3366; x_wconf 86' lang='lat' dir='ltr'><strong>mansit</strong></span> <span class='ocrx_word' id='word_1_180' title='bbox 684 3303 847 3387; x_wconf 88' lang='lat' dir='ltr'><strong>potuitque</strong></span> <span class='ocrx_word' id='word_1_181' title='bbox 860 3303 1001 3368; x_wconf 87' lang='lat' dir='ltr'><strong>resistere</strong></span> <span class='ocrx_word' id='word_1_182' title='bbox 1006 3305 1105 3366; x_wconf 80' lang='lat' dir='ltr'><strong>&#39;tento</strong></span> 
     </span>
     <span class='ocr_line' id='line_1_32' title="bbox 315 3399 1057 3477; baseline -0.001 -14"><span class='ocrx_word' id='word_1_183' title='bbox 315 3399 473 3466; x_wconf 80' lang='lat' dir='ltr'><strong>indeiects</strong></span> <span class='ocrx_word' id='word_1_184' title='bbox 484 3401 579 3477; x_wconf 85' lang='lat' dir='ltr'><strong>mulo,</strong></span> <span class='ocrx_word' id='word_1_185' title='bbox 595 3400 722 3464; x_wconf 87' lang='lat' dir='ltr'><strong>culmen</strong></span> <span class='ocrx_word' id='word_1_186' title='bbox 735 3404 838 3464; x_wconf 78' lang='lat' dir='ltr'><strong>temen</strong></span> <span class='ocrx_word' id='word_1_187' title='bbox 853 3400 947 3464; x_wconf 78' lang='lat' dir='ltr'><strong>altior</strong></span> <span class='ocrx_word' id='word_1_188' title='bbox 958 3399 1057 3463; x_wconf 87' lang='lat' dir='ltr'><strong>huius</strong></span> 
     </span>
    </p>

    <p class='ocr_par' dir='ltr' id='par_1_11' title="bbox 315 3498 1156 3582">
     <span class='ocr_line' id='line_1_33' title="bbox 315 3498 1156 3582; baseline -0.001 -21"><span class='ocrx_word' id='word_1_189' title='bbox 315 3500 402 3564; x_wconf 83' lang='lat' dir='ltr'><strong>unde</strong></span> <span class='ocrx_word' id='word_1_190' title='bbox 415 3499 507 3581; x_wconf 80' lang='lat' dir='ltr'><strong>tegit,</strong></span> <span class='ocrx_word' id='word_1_191' title='bbox 522 3518 708 3582; x_wconf 73' lang='lat' dir='ltr'><strong>pressaeque</strong></span> <span class='ocrx_word' id='word_1_192' title='bbox 719 3498 819 3563; x_wconf 78' lang='lat' dir='ltr'><strong>latent</strong></span> <span class='ocrx_word' id='word_1_193' title='bbox 832 3499 890 3562; x_wconf 91' lang='lat' dir='ltr'><strong>eub</strong></span> <span class='ocrx_word' id='word_1_194' title='bbox 903 3498 1031 3581; x_wconf 79' lang='lat' dir='ltr'><strong>gurgite</strong></span> <span class='ocrx_word' id='word_1_195' title='bbox 1044 3500 1156 3561; x_wconf 79' lang='lat' dir='ltr'><strong>turres.</strong></span> 
     </span>
    </p>
   </div>
   <div class='ocr_carea' id='block_1_8' title="bbox 318 3577 1286 3678">
    <p class='ocr_par' dir='ltr' id='par_1_12' title="bbox 318 3577 1286 3678">
     <span class='ocr_line' id='line_1_34' title="bbox 318 3577 1286 3678; baseline -0.005 -16"><span class='ocrx_word' id='word_1_196' title='bbox 318 3577 386 3674; x_wconf 65' lang='lat' dir='ltr'><strong>iffi</strong></span> <span class='ocrx_word' id='word_1_197' title='bbox 394 3597 526 3678; x_wconf 77' lang='lat' dir='ltr'><strong>Iamque</strong></span> <span class='ocrx_word' id='word_1_198' title='bbox 539 3615 626 3659; x_wconf 86' lang='lat' dir='ltr'><strong>mere</strong></span> <span class='ocrx_word' id='word_1_199' title='bbox 639 3600 672 3660; x_wconf 92' lang='lat' dir='ltr'><strong>et</strong></span> <span class='ocrx_word' id='word_1_200' title='bbox 684 3596 778 3677; x_wconf 70' lang='lat' dir='ltr'><strong>tellus</strong></span> <span class='ocrx_word' id='word_1_201' title='bbox 792 3596 915 3659; x_wconf 88' lang='lat' dir='ltr'><strong>nullum</strong></span> <span class='ocrx_word' id='word_1_202' title='bbox 930 3595 1101 3659; x_wconf 85' lang='lat' dir='ltr'><strong>discrimen</strong></span> <span class='ocrx_word' id='word_1_203' title='bbox 1114 3591 1286 3660; x_wconf 74' lang='lat' dir='ltr'><strong>habebunt:</strong></span> 
     </span>
    </p>
   </div>
   <div class='ocr_carea' id='block_1_9' title="bbox 316 3693 1186 3876">
    <p class='ocr_par' dir='ltr' id='par_1_13' title="bbox 316 3693 1186 3876">
     <span class='ocr_line' id='line_1_35' title="bbox 316 3693 1186 3777; baseline -0.005 -18"><span class='ocrx_word' id='word_1_204' title='bbox 316 3694 421 3759; x_wconf 77' lang='lat' dir='ltr'><strong>omnia</strong></span> <span class='ocrx_word' id='word_1_205' title='bbox 434 3697 553 3777; x_wconf 90' lang='lat' dir='ltr'><strong>pontus</strong></span> <span class='ocrx_word' id='word_1_206' title='bbox 565 3698 672 3773; x_wconf 83' lang='lat' dir='ltr'><strong>ernnt3</strong></span> <span class='ocrx_word' id='word_1_207' title='bbox 693 3695 821 3763; x_wconf 76' lang='lat' dir='ltr'><strong>deerunt</strong></span> <span class='ocrx_word' id='word_1_208' title='bbox 834 3713 956 3777; x_wconf 90' lang='lat' dir='ltr'><strong>quoque</strong></span> <span class='ocrx_word' id='word_1_209' title='bbox 969 3693 1065 3758; x_wconf 83' lang='lat' dir='ltr'><strong>litore</strong></span> <span class='ocrx_word' id='word_1_210' title='bbox 1077 3697 1186 3776; x_wconf 88' lang='lat' dir='ltr'><strong>ponto.</strong></span> 
     </span>
     <span class='ocr_line' id='line_1_36' title="bbox 318 3792 1120 3876; baseline -0.002 -18"><span class='ocrx_word' id='word_1_211' title='bbox 318 3793 461 3876; x_wconf 85' lang='lat' dir='ltr'><strong>Occupet</strong></span> <span class='ocrx_word' id='word_1_212' title='bbox 473 3792 527 3856; x_wconf 90' lang='lat' dir='ltr'><strong>hic</strong></span> <span class='ocrx_word' id='word_1_213' title='bbox 539 3792 664 3869; x_wconf 88' lang='lat' dir='ltr'><strong>collem,</strong></span> <span class='ocrx_word' id='word_1_214' title='bbox 680 3792 793 3856; x_wconf 83' lang='lat' dir='ltr'><strong>cumbe</strong></span> <span class='ocrx_word' id='word_1_215' title='bbox 805 3793 890 3856; x_wconf 87' lang='lat' dir='ltr'><strong>sedet</strong></span> <span class='ocrx_word' id='word_1_216' title='bbox 904 3793 983 3856; x_wconf 79' lang='lat' dir='ltr'><strong>alter</strong></span> <span class='ocrx_word' id='word_1_217' title='bbox 996 3792 1120 3856; x_wconf 80' lang='lat' dir='ltr'><strong>adunco</strong></span> 
     </span>
    </p>
   </div>
   <div class='ocr_carea' id='block_1_10' title="bbox 316 3889 1069 4071">
    <p class='ocr_par' dir='ltr' id='par_1_14' title="bbox 316 3889 1069 4071">
     <span class='ocr_line' id='line_1_37' title="bbox 316 3889 968 3995; baseline -0.002 -40"><span class='ocrx_word' id='word_1_218' title='bbox 316 3895 349 3955; x_wconf 91' lang='lat' dir='ltr'><strong>et</strong></span> <span class='ocrx_word' id='word_1_219' title='bbox 361 3891 454 3955; x_wconf 86' lang='lat' dir='ltr'><strong>ducit</strong></span> <span class='ocrx_word' id='word_1_220' title='bbox 465 3889 659 3995; x_wconf 64' lang='lat' dir='ltr'><strong>remespllic,</strong></span> <span class='ocrx_word' id='word_1_221' title='bbox 673 3891 730 3954; x_wconf 91' lang='lat' dir='ltr'><strong>ubi</strong></span> <span class='ocrx_word' id='word_1_222' title='bbox 743 3910 843 3974; x_wconf 87' lang='lat' dir='ltr'><strong>nuper</strong></span> <span class='ocrx_word' id='word_1_223' title='bbox 856 3895 968 3966; x_wconf 70' lang='lat' dir='ltr'><strong>erent,</strong></span> 
     </span>
     <span class='ocr_line' id='line_1_38' title="bbox 317 3987 1069 4071; baseline -0.001 -19"><span class='ocrx_word' id='word_1_224' title='bbox 317 3987 371 4054; x_wconf 87' lang='lat' dir='ltr'><strong>ifle</strong></span> <span class='ocrx_word' id='word_1_225' title='bbox 384 4008 481 4071; x_wconf 83' lang='lat' dir='ltr'><strong>suprs</strong></span> <span class='ocrx_word' id='word_1_226' title='bbox 493 3987 612 4071; x_wconf 81' lang='lat' dir='ltr'><strong>segetes</strong></span> <span class='ocrx_word' id='word_1_227' title='bbox 625 3992 683 4052; x_wconf 84' lang='lat' dir='ltr'><strong>eut</strong></span> <span class='ocrx_word' id='word_1_228' title='bbox 696 4007 812 4056; x_wconf 88' lang='lat' dir='ltr'><strong>mersse</strong></span> <span class='ocrx_word' id='word_1_229' title='bbox 824 3987 963 4053; x_wconf 83' lang='lat' dir='ltr'><strong>eulmine</strong></span> <span class='ocrx_word' id='word_1_230' title='bbox 976 3987 1069 4052; x_wconf 76' lang='lat' dir='ltr'><strong>villae</strong></span> 
     </span>
    </p>
   </div>
   <div class='ocr_carea' id='block_1_11' title="bbox 1338 1068 1399 1129">
    <p class='ocr_par' dir='ltr' id='par_1_15' title="bbox 1338 1068 1399 1129">
     <span class='ocr_line' id='line_1_39' title="bbox 1338 1068 1399 1129; baseline -0.016 0"><span class='ocrx_word' id='word_1_231' title='bbox 1338 1068 1399 1129; x_wconf 76' lang='lat'><strong>265</strong></span> 
     </span>
    </p>
   </div>
   <div class='ocr_carea' id='block_1_12' title="bbox 1325 1557 1401 1632">
    <p class='ocr_par' dir='ltr' id='par_1_16' title="bbox 1325 1557 1401 1632">
     <span class='ocr_line' id='line_1_40' title="bbox 1325 1557 1401 1632; baseline 0.013 -15"><span class='ocrx_word' id='word_1_232' title='bbox 1325 1557 1401 1632; x_wconf 51' lang='lat'><strong>‚270</strong></span> 
     </span>
    </p>
   </div>
   <div class='ocr_carea' id='block_1_13' title="bbox 1230 2045 1402 2108">
    <p class='ocr_par' dir='ltr' id='par_1_17' title="bbox 1230 2045 1402 2108">
     <span class='ocr_line' id='line_1_41' title="bbox 1230 2045 1402 2108; baseline 0.006 -3"><span class='ocrx_word' id='word_1_233' title='bbox 1230 2077 1236 2084; x_wconf 93' lang='lat'>·</span> <span class='ocrx_word' id='word_1_234' title='bbox 1341 2045 1402 2108; x_wconf 75' lang='lat'><strong>275</strong></span> 
     </span>
    </p>
   </div>
   <div class='ocr_carea' id='block_1_14' title="bbox 1342 2531 1403 2591">
    <p class='ocr_par' dir='ltr' id='par_1_18' title="bbox 1342 2531 1403 2591">
     <span class='ocr_line' id='line_1_42' title="bbox 1342 2531 1403 2591; baseline -0.033 0"><span class='ocrx_word' id='word_1_235' title='bbox 1342 2531 1403 2591; x_wconf 81' lang='lat'><strong>280</strong></span> 
     </span>
    </p>
   </div>
   <div class='ocr_carea' id='block_1_15' title="bbox 1344 3015 1404 3075">
    <p class='ocr_par' dir='ltr' id='par_1_19' title="bbox 1344 3015 1404 3075">
     <span class='ocr_line' id='line_1_43' title="bbox 1344 3015 1404 3075; baseline 0 -1"><span class='ocrx_word' id='word_1_236' title='bbox 1344 3015 1404 3075; x_wconf 80' lang='lat'><strong>285</strong></span> 
     </span>
    </p>
   </div>
   <div class='ocr_carea' id='block_1_16' title="bbox 1345 3503 1405 3562">
    <p class='ocr_par' dir='ltr' id='par_1_20' title="bbox 1345 3503 1405 3562">
     <span class='ocr_line' id='line_1_44' title="bbox 1345 3503 1405 3562; baseline -0.033 0"><span class='ocrx_word' id='word_1_237' title='bbox 1345 3503 1405 3562; x_wconf 80' lang='lat'><strong>290</strong></span> 
     </span>
    </p>
   </div>
   <div class='ocr_carea' id='block_1_17' title="bbox 1348 3991 1408 4050">
    <p class='ocr_par' dir='ltr' id='par_1_21' title="bbox 1348 3991 1408 4050">
     <span class='ocr_line' id='line_1_45' title="bbox 1348 3991 1408 4050; baseline -0.033 0"><span class='ocrx_word' id='word_1_238' title='bbox 1348 3991 1408 4050; x_wconf 76' lang='lat'><strong>295</strong></span> 
     </span>
    </p>
   </div>
   <div class='ocr_carea' id='block_1_18' title="bbox 0 0 1677 4462">
    <p class='ocr_par' dir='ltr' id='par_1_22' title="bbox 0 0 1677 4462">
     <span class='ocr_line' id='line_1_46' title="bbox 0 0 1677 4462; baseline 0 0"><span class='ocrx_word' id='word_1_239' title='bbox 0 0 1677 4462; x_wconf 95' lang='lat' dir='ltr'><strong> </strong></span> 
     </span>
    </p>
   </div>
  </div>
 </body>
</html>
