3322 4462
495 243 563 291 usu
583 242 756 291 sununs
775 243 819 291 os
838 243 992 293 nova-s
1013 232 1129 294 sroarr'
1143 245 1189 294 ar
1207 246 1279 296 sus.

344 399 414 462 Aut
425 397 485 474 his,
500 402 557 462 aut
569 397 649 475 aliis,
666 396 768 461 donec
781 396 916 462 dediscis
929 417 1046 476 amara,

384 494 449 580 ipae
461 495 521 560 tibi
532 495 648 560 furtim
660 493 869 578 decipiendus
881 495 952 562 eris.

618 813 667 875 12.
705 815 736 874 A
771 810 933 880 STORM
961 812 1029 877 AT
1058 811 1158 877 ΒΕΑ.

758 1015 864 1062 unsar.
887 1017 912 1063 1.
936 1002 966 1063 2.

345 1181 388 1246 Di
400 1181 494 1248 maris
506 1187 539 1248 et
552 1182 640 1260 mli,
658 1183 751 1266 (quid
765 1183 852 1247 enim
866 1182 928 1247 niai
942 1186 1018 1247 rota
1029 1187 1201 1266 supersunt
1208 1183 1239 1268 i)

384 1281 498 1345 eolrera
511 1283 671 1364 quassatae
683 1279 805 1363 parcite
818 1281 960 1344 membra
973 1279 1062 1357 ratis,

344 1396 431 1455 neve,
445 1398 564 1462 precor,
579 1377 687 1461 magni
700 1377 888 1442 subscribite
903 1377 1046 1442 Caesaris
1059 1377 1139 1444 irael

384 1475 480 1559 Sceps
491 1480 653 1559 premente
665 1477 726 1540 dae
739 1477 805 1540 tart
819 1478 897 1540 deus
910 1478 994 1541 nitar
1007 1497 1109 1561 opem.

344 1569 497 1648 Mulciber
508 1573 543 1637 in
557 1574 695 1650 Ττοίαω,
711 1594 769 1658 pro
784 1573 881 1640 Troia
893 1576 997 1639 stabat
1010 1575 1142 1658 Ap0110;

383 1679 481 1756 acqua
492 1672 601 1736 Venus
614 1672 755 1748 Teucris,
773 1673 878 1736 Pallas
891 1673 1004 1755 iniqua
1016 1672 1092 1736 init.

345 1769 461 1834 Oderat
472 1769 602 1834 Aenean
614 1769 743 1852 propior
757 1769 908 1834 Saturnia
922 1770 1048 1847 Turn03

384 1865 438 1932 ille
450 1871 555 1931 tanim
567 1865 702 1931 Veneris
714 1867 848 1931 numine
861 1870 953 1930 tutus
966 1870 1046 1931 erat.

346 1965 442 2049 Saepe
452 1966 542 2029 ferox
553 1969 683 2028 cautum
696 1963 793 2047 petiit
806 1965 979 2046 Neptunus
991 1963 1124 2041 Ulixen,

384 2062 499 2145 eripuit
511 2065 624 2146 patruo
638 2082 728 2145 saepe
741 2061 887 2126 Minerva
900 2081 969 2126 suo.

345 2159 391 2223 Et
401 2160 490 2223 nobis
501 2160 639 2244 aliquod,
656 2158 802 2243 quamvis
814 2159 970 2223 distamus
982 2161 1023 2223 ab
1036 2159 1112 2237 illis,

385 2258 455 2340 quis
466 2261 552 2322 vetet
563 2257 644 2321 irato
657 2276 779 2321 numen
792 2259 898 2321 adessa
912 2258 997 2320 dcc?

345 2355 449 2420 Verba
460 2354 553 2419 miser
564 2355 683 2418 trustra
696 2374 763 2418 non
775 2354 975 2436 proficientia
987 2355 1099 2436 perdo.

386 2453 458 2536 Ipm
469 2472 577 2534 graves
590 2455 745 2535 spargunt
755 2472 813 2515 cra
824 2452 986 2535 loquentis
998 2472 1108 2535 aquae,

347 2551 557 2634 terribilisque
571 2552 677 2634 Notus
690 2551 792 2613 iactat
806 2568 877 2611 mea
891 2550 980 2612 dicta
998 2563 1184 2630 precesque,

385 2650 425 2712 ad
438 2656 515 2730 quos
526 2647 710 2722 mittuntur,
727 2666 793 2710 non
807 2647 885 2710 sinit
897 2647 954 2722 ire,
971 2647 1056 2710 deca.

346 2745 431 2827 Ergo
443 2745 528 2808 idem
540 2744 637 2819 renti,
654 2763 694 2806 ne
708 2763 802 2807 causc
815 2739 923 2807 laedar
935 2743 971 2806 in
986 2763 1061 2818 una,

385 2843 512 2924 velaque
525 2840 628 2904 nascio
642 2861 705 2922 quo
718 2843 856 2922 votaque
869 2843 978 2903 nostra
990 2841 1113 2903 ferunt.

346 2940 399 3003 Me
411 2939 569 3014 miserum,
585 2937 697 3020 quanti
710 2939 835 3001 montes
848 2937 1025 3000 volvuntur
1036 2938 1207 3018 aquarum!

384 3036 446 3100 iam
459 3036 522 3099 iam
535 3037 673 3098 tacturos
686 3034 788 3098 sidera
801 3054 927 3098 summa
939 3037 1044 3116 putes.
1112 3100 1117 3112 ,

346 3134 485 3210 Quantae
497 3133 627 3195 diducto
641 3131 811 3195 subsidunt
825 3143 960 3212 aequora
973 3131 1084 3194 vallesi

384 3230 447 3294 iam
460 3230 523 3292 iam
536 3233 674 3292 tacturas
687 3228 822 3291 Tartara
834 3227 928 3308 nigra
940 3231 1044 3310 putas.

347 3327 548 3409 Quocumque
561 3325 708 3408 adspicio,
724 3324 809 3388 nihii
823 3328 870 3388 est
883 3324 946 3388 nisi
959 3328 1080 3407 pontus
1092 3326 1125 3388 et
1139 3331 1204 3400 aer,

385 3423 532 3488 fiuctrtus
543 3423 597 3486 hic
608 3423 763 3499 tumidus,
778 3421 919 3487 nubibus
931 3421 987 3484 ille
1000 3422 1121 3484 minax.

346 3523 434 3586 Inter
446 3525 616 3604 utrumque
629 3521 774 3584 demunt
786 3519 909 3583 inmani
923 3531 1089 3583 murmure
1102 3519 1207 3584 renti:

385 3619 494 3695 nescit,
509 3619 561 3682 cui
576 3619 704 3683 dominc
717 3621 836 3702 pareat,
853 3618 941 3680 unda
955 3617 1062 3680 maris.

346 3717 428 3781 Nam
441 3717 534 3780 modo
547 3721 705 3800 purpureo
718 3716 800 3779 vires
813 3714 899 3797 capit
912 3715 1020 3777 Eurus
1033 3712 1073 3776 ab
1086 3717 1171 3789 ortu,

385 3835 471 3878 nunc
484 3814 643 3898 Zephyrus
656 3833 724 3878 sero
737 3833 864 3896 vespere
878 3813 993 3876 missus
1006 3811 1105 3886 adest,

347 3933 432 3976 nunc
444 3913 525 3976 sicca
536 3912 658 3995 gelidus
672 3911 788 3974 Boreas
800 3911 973 3976 bacchatur
986 3910 1026 3973 ab
1040 3908 1151 3986 Arcto,

386 4031 471 4075 nunc
483 4010 588 4075 Notus
600 4010 729 4074 adversa
741 4009 862 4093 proelia
874 4009 981 4072 fronte
994 4005 1088 4090 gerit.
