<?xml version="1.0" encoding="UTF-8"?>
<!DOCTYPE html PUBLIC "-//W3C//DTD XHTML 1.0 Transitional//EN"
    "http://www.w3.org/TR/xhtml1/DTD/xhtml1-transitional.dtd">
<html xmlns="http://www.w3.org/1999/xhtml" xml:lang="en" lang="en">
 <head>
  <title>
</title>
<meta http-equiv="Content-Type" content="text/html;charset=utf-8" />
  <meta name='ocr-system' content='tesseract 3.04.00' />
  <meta name='ocr-capabilities' content='ocr_page ocr_carea ocr_par ocr_line ocrx_word'/>
</head>
<body>
  <div class='ocr_page' id='page_1' title='image "./selectionsfromo00andegoog_0035.png"; bbox 0 0 3322 4462; ppageno 0'>
   <div class='ocr_carea' id='block_1_1' title="bbox 236 223 1121 287">
    <p class='ocr_par' dir='ltr' id='par_1_1' title="bbox 236 223 1121 287">
     <span class='ocr_line' id='line_1_1' title="bbox 236 223 1121 287; baseline 0 -1"><span class='ocrx_word' id='word_1_1' title='bbox 236 223 273 286; x_wconf 89' lang='lat'><strong>18</strong></span> <span class='ocrx_word' id='word_1_2' title='bbox 426 237 454 285; x_wconf 86' lang='lat' dir='ltr'><strong>r.</strong></span> <span class='ocrx_word' id='word_1_3' title='bbox 481 235 595 284; x_wconf 82' lang='lat' dir='ltr'><strong>ovum</strong></span> <span class='ocrx_word' id='word_1_4' title='bbox 616 235 764 285; x_wconf 74' lang='lat' dir='ltr'><strong>resonis</strong></span> <span class='ocrx_word' id='word_1_5' title='bbox 784 225 945 284; x_wconf 72' lang='lat' dir='ltr'><strong>esaum</strong></span> <span class='ocrx_word' id='word_1_6' title='bbox 966 237 1121 287; x_wconf 75' lang='lat' dir='ltr'><strong>sannone.</strong></span> 
     </span>
    </p>
   </div>
   <div class='ocr_carea' id='block_1_2' title="bbox 231 386 1322 4084">
    <p class='ocr_par' dir='ltr' id='par_1_2' title="bbox 231 386 1322 4084">
     <span class='ocr_line' id='line_1_2' title="bbox 231 386 993 473; baseline 0 -21"><span class='ocrx_word' id='word_1_7' title='bbox 231 407 306 452; x_wconf 89' lang='lat' dir='ltr'><strong>eum</strong></span> <span class='ocrx_word' id='word_1_8' title='bbox 319 387 418 465; x_wconf 86' lang='lat' dir='ltr'><strong>flerat,</strong></span> <span class='ocrx_word' id='word_1_9' title='bbox 433 387 536 472; x_wconf 86' lang='lat' dir='ltr'><strong>paries</strong></span> <span class='ocrx_word' id='word_1_10' title='bbox 549 386 657 451; x_wconf 89' lang='lat' dir='ltr'><strong>domui</strong></span> <span class='ocrx_word' id='word_1_11' title='bbox 671 387 845 452; x_wconf 86' lang='lat' dir='ltr'><strong>eommunis</strong></span> <span class='ocrx_word' id='word_1_12' title='bbox 857 388 993 473; x_wconf 87' lang='lat' dir='ltr'><strong>utrique.</strong></span> 
     </span>
     <span class='ocr_line' id='line_1_3' title="bbox 231 485 961 569; baseline 0.001 -20"><span class='ocrx_word' id='word_1_13' title='bbox 231 486 272 549; x_wconf 90' lang='lat' dir='ltr'><strong>Id</strong></span> <span class='ocrx_word' id='word_1_14' title='bbox 285 485 400 549; x_wconf 80' lang='lat' dir='ltr'><strong>vitium</strong></span> <span class='ocrx_word' id='word_1_15' title='bbox 412 485 495 548; x_wconf 85' lang='lat' dir='ltr'><strong>nulli</strong></span> <span class='ocrx_word' id='word_1_16' title='bbox 508 505 565 569; x_wconf 88' lang='lat' dir='ltr'><strong>per</strong></span> <span class='ocrx_word' id='word_1_17' title='bbox 578 485 700 549; x_wconf 84' lang='lat' dir='ltr'><strong>eaeeula</strong></span> <span class='ocrx_word' id='word_1_18' title='bbox 711 485 805 568; x_wconf 82' lang='lat' dir='ltr'><strong>longa</strong></span> <span class='ocrx_word' id='word_1_19' title='bbox 817 489 961 550; x_wconf 86' lang='lat' dir='ltr'><strong>notatum</strong></span> 
     </span>
     <span class='ocr_line' id='line_1_4' title="bbox 233 583 1064 667; baseline 0.002 -21"><span class='ocrx_word' id='word_1_20' title='bbox 233 583 326 666; x_wconf 88' lang='lat' dir='ltr'><strong>(quid</strong></span> <span class='ocrx_word' id='word_1_21' title='bbox 341 603 404 648; x_wconf 89' lang='lat' dir='ltr'><strong>nou</strong></span> <span class='ocrx_word' id='word_1_22' title='bbox 418 583 515 648; x_wconf 87' lang='lat' dir='ltr'><strong>sentit</strong></span> <span class='ocrx_word' id='word_1_23' title='bbox 528 583 653 666; x_wconf 75' lang='lat' dir='ltr'><strong>amori)</strong></span> <span class='ocrx_word' id='word_1_24' title='bbox 667 583 763 667; x_wconf 85' lang='lat' dir='ltr'><strong>primi</strong></span> <span class='ocrx_word' id='word_1_25' title='bbox 776 585 896 648; x_wconf 78' lang='lat' dir='ltr'><strong>vidistis</strong></span> <span class='ocrx_word' id='word_1_26' title='bbox 910 588 1064 662; x_wconf 85' lang='lat' dir='ltr'><strong>amantea,</strong></span> 
     </span>
     <span class='ocr_line' id='line_1_5' title="bbox 231 681 910 766; baseline 0.001 -21"><span class='ocrx_word' id='word_1_27' title='bbox 231 685 265 745; x_wconf 89' lang='lat' dir='ltr'><strong>et</strong></span> <span class='ocrx_word' id='word_1_28' title='bbox 281 682 362 747; x_wconf 82' lang='lat' dir='ltr'><strong>roais</strong></span> <span class='ocrx_word' id='word_1_29' title='bbox 374 682 494 746; x_wconf 78' lang='lat' dir='ltr'><strong>fecistis</strong></span> <span class='ocrx_word' id='word_1_30' title='bbox 508 682 582 761; x_wconf 84' lang='lat' dir='ltr'><strong>iter3</strong></span> <span class='ocrx_word' id='word_1_31' title='bbox 603 685 752 765; x_wconf 85' lang='lat' dir='ltr'><strong>tutaeque</strong></span> <span class='ocrx_word' id='word_1_32' title='bbox 764 681 910 766; x_wconf 90' lang='lat' dir='ltr'><strong>perillud</strong></span> 
     </span>
     <span class='ocr_line' id='line_1_6' title="bbox 231 768 1319 864; baseline 0.004 -22"><span class='ocrx_word' id='word_1_33' title='bbox 231 799 394 842; x_wconf 89' lang='lat' dir='ltr'><strong>murmure</strong></span> <span class='ocrx_word' id='word_1_34' title='bbox 407 768 580 844; x_wconf 81' lang='lat' dir='ltr'><strong>blanditiae</strong></span> <span class='ocrx_word' id='word_1_35' title='bbox 593 779 725 864; x_wconf 84' lang='lat' dir='ltr'><strong>minimo</strong></span> <span class='ocrx_word' id='word_1_36' title='bbox 740 779 871 843; x_wconf 82' lang='lat' dir='ltr'><strong>transire</strong></span> <span class='ocrx_word' id='word_1_37' title='bbox 885 780 1035 844; x_wconf 86' lang='lat' dir='ltr'><strong>solebant.</strong></span> <span class='ocrx_word' id='word_1_38' title='bbox 1281 785 1319 846; x_wconf 78' lang='lat' dir='ltr'><strong>le</strong></span> 
     </span>
     <span class='ocr_line' id='line_1_7' title="bbox 313 876 1228 960; baseline 0.003 -20"><span class='ocrx_word' id='word_1_39' title='bbox 313 876 420 960; x_wconf 84' lang='lat' dir='ltr'><strong>Saepe,</strong></span> <span class='ocrx_word' id='word_1_40' title='bbox 436 877 493 940; x_wconf 90' lang='lat' dir='ltr'><strong>ubi</strong></span> <span class='ocrx_word' id='word_1_41' title='bbox 507 877 714 941; x_wconf 74' lang='lat' dir='ltr'><strong>constiterant</strong></span> <span class='ocrx_word' id='word_1_42' title='bbox 729 876 804 941; x_wconf 87' lang='lat' dir='ltr'><strong>hine</strong></span> <span class='ocrx_word' id='word_1_43' title='bbox 818 877 943 953; x_wconf 82' lang='lat' dir='ltr'>Thisbe,</span> <span class='ocrx_word' id='word_1_44' title='bbox 961 877 1115 960; x_wconf 77' lang='lat' dir='ltr'><strong>Pyramus</strong></span> <span class='ocrx_word' id='word_1_45' title='bbox 1128 878 1228 955; x_wconf 87' lang='lat' dir='ltr'><strong>illiue,</strong></span> 
     </span>
     <span class='ocr_line' id='line_1_8' title="bbox 235 974 1319 1081; baseline 0.003 -45"><span class='ocrx_word' id='word_1_46' title='bbox 235 974 385 1038; x_wconf 80' lang='lat' dir='ltr'><strong>‘Invida’</strong></span> <span class='ocrx_word' id='word_1_47' title='bbox 402 974 550 1038; x_wconf 82' lang='lat' dir='ltr'><strong>dieebent</strong></span> <span class='ocrx_word' id='word_1_48' title='bbox 566 974 696 1058; x_wconf 70' lang='lat' dir='ltr'><strong>‘pariae</strong></span> <span class='ocrx_word' id='word_1_49' title='bbox 713 975 788 1058; x_wconf 89' lang='lat' dir='ltr'><strong>quid</strong></span> <span class='ocrx_word' id='word_1_50' title='bbox 801 976 979 1057; x_wconf 85' lang='lat' dir='ltr'><strong>amantibus</strong></span> <span class='ocrx_word' id='word_1_51' title='bbox 975 976 1120 1081; x_wconf 54' lang='lat' dir='ltr'><strong>Q?</strong></span> <span class='ocrx_word' id='word_1_52' title='bbox 1281 980 1319 1042; x_wconf 74' lang='lat'><strong>73</strong></span> 
     </span>
     <span class='ocr_line' id='line_1_9' title="bbox 231 1064 1319 1170; baseline 0.002 -36"><span class='ocrx_word' id='word_1_53' title='bbox 231 1071 300 1135; x_wconf 87' lang='lat' dir='ltr'><strong>Nee</strong></span> <span class='ocrx_word' id='word_1_54' title='bbox 313 1091 422 1134; x_wconf 77' lang='lat' dir='ltr'><strong>sumus</strong></span> <span class='ocrx_word' id='word_1_55' title='bbox 434 1071 568 1154; x_wconf 77' lang='lat' dir='ltr'><strong>ingrati:</strong></span> <span class='ocrx_word' id='word_1_56' title='bbox 589 1072 649 1135; x_wconf 92' lang='lat' dir='ltr'><strong>tibi</strong></span> <span class='ocrx_word' id='word_1_57' title='bbox 662 1091 718 1135; x_wconf 89' lang='lat' dir='ltr'><strong>noe</strong></span> <span class='ocrx_word' id='word_1_58' title='bbox 731 1073 841 1136; x_wconf 87' lang='lat' dir='ltr'><strong>debere</strong></span> <span class='ocrx_word' id='word_1_59' title='bbox 853 1073 974 1136; x_wconf 80' lang='lat' dir='ltr'><strong>tatemn</strong></span> <span class='ocrx_word' id='word_1_60' title='bbox 1027 1105 1118 1170; x_wconf 42' lang='grc' dir='ltr'><strong>(ΤΗ</strong></span> <span class='ocrx_word' id='word_1_61' title='bbox 1174 1064 1177 1069; x_wconf 67' lang='grc'><strong>’</strong></span> <span class='ocrx_word' id='word_1_62' title='bbox 1280 1077 1319 1168; x_wconf 68' lang='lat' dir='ltr'><strong>ld</strong></span> 
     </span>
     <span class='ocr_line' id='line_1_10' title="bbox 235 1169 1078 1252; baseline 0.001 -21"><span class='ocrx_word' id='word_1_63' title='bbox 235 1169 318 1252; x_wconf 92' lang='lat' dir='ltr'><strong>quod</strong></span> <span class='ocrx_word' id='word_1_64' title='bbox 334 1170 428 1232; x_wconf 88' lang='lat' dir='ltr'><strong>datus</strong></span> <span class='ocrx_word' id='word_1_65' title='bbox 441 1176 489 1232; x_wconf 86' lang='lat' dir='ltr'><strong>est</strong></span> <span class='ocrx_word' id='word_1_66' title='bbox 503 1169 604 1233; x_wconf 87' lang='lat' dir='ltr'><strong>verbis</strong></span> <span class='ocrx_word' id='word_1_67' title='bbox 617 1171 658 1232; x_wconf 85' lang='lat' dir='ltr'><strong>ad</strong></span> <span class='ocrx_word' id='word_1_68' title='bbox 670 1170 785 1233; x_wconf 81' lang='lat' dir='ltr'><strong>amicae</strong></span> <span class='ocrx_word' id='word_1_69' title='bbox 798 1170 949 1234; x_wconf 79' lang='lat' dir='ltr'><strong>transitus</strong></span> <span class='ocrx_word' id='word_1_70' title='bbox 961 1190 1002 1234; x_wconf 93' lang='lat' dir='ltr'><strong>au</strong></span> <span class='ocrx_word' id='word_1_71' title='bbox 1038 1170 1078 1234; x_wconf 88' lang='lat' dir='ltr'><strong>s.’</strong></span> 
     </span>
     <span class='ocr_line' id='line_1_11' title="bbox 313 1267 1038 1351; baseline -0.001 -21"><span class='ocrx_word' id='word_1_72' title='bbox 313 1267 403 1331; x_wconf 77' lang='lat' dir='ltr'><strong>Talia</strong></span> <span class='ocrx_word' id='word_1_73' title='bbox 416 1268 539 1332; x_wconf 81' lang='lat' dir='ltr'><strong>diversa</strong></span> <span class='ocrx_word' id='word_1_74' title='bbox 552 1267 741 1351; x_wconf 74' lang='lat' dir='ltr'><strong>nequiquam</strong></span> <span class='ocrx_word' id='word_1_75' title='bbox 756 1268 827 1331; x_wconf 87' lang='lat' dir='ltr'><strong>sede</strong></span> <span class='ocrx_word' id='word_1_76' title='bbox 839 1268 937 1332; x_wconf 86' lang='lat' dir='ltr'><strong>loeuti</strong></span> <span class='ocrx_word' id='word_1_77' title='bbox 1031 1272 1038 1280; x_wconf 84' lang='lat'>&#39;</span> 
     </span>
     <span class='ocr_line' id='line_1_12' title="bbox 231 1365 926 1448; baseline 0.003 -20"><span class='ocrx_word' id='word_1_78' title='bbox 231 1365 291 1428; x_wconf 86' lang='lat' dir='ltr'><strong>sub</strong></span> <span class='ocrx_word' id='word_1_79' title='bbox 303 1369 428 1429; x_wconf 87' lang='lat' dir='ltr'><strong>noetem</strong></span> <span class='ocrx_word' id='word_1_80' title='bbox 442 1365 553 1429; x_wconf 85' lang='lat' dir='ltr'><strong>dixere</strong></span> <span class='ocrx_word' id='word_1_81' title='bbox 562 1365 642 1440; x_wconf 84' lang='lat' dir='ltr'><strong>vale,</strong></span> <span class='ocrx_word' id='word_1_82' title='bbox 658 1365 801 1448; x_wconf 89' lang='lat' dir='ltr'><strong>partique</strong></span> <span class='ocrx_word' id='word_1_83' title='bbox 815 1367 926 1430; x_wconf 87' lang='lat' dir='ltr'><strong>dedere</strong></span> 
     </span>
     <span class='ocr_line' id='line_1_13' title="bbox 231 1463 1003 1547; baseline 0.001 -21"><span class='ocrx_word' id='word_1_84' title='bbox 231 1463 338 1526; x_wconf 71' lang='lat' dir='ltr'><strong>emula</strong></span> <span class='ocrx_word' id='word_1_85' title='bbox 351 1463 481 1546; x_wconf 88' lang='lat' dir='ltr'><strong>quiaque</strong></span> <span class='ocrx_word' id='word_1_86' title='bbox 495 1483 569 1526; x_wconf 89' lang='lat' dir='ltr'><strong>auae</strong></span> <span class='ocrx_word' id='word_1_87' title='bbox 582 1482 647 1526; x_wconf 90' lang='lat' dir='ltr'><strong>non</strong></span> <span class='ocrx_word' id='word_1_88' title='bbox 659 1463 872 1547; x_wconf 84' lang='lat' dir='ltr'><strong>pervenientia</strong></span> <span class='ocrx_word' id='word_1_89' title='bbox 884 1468 1003 1527; x_wconf 86' lang='lat' dir='ltr'><strong>eontra.</strong></span> 
     </span>
     <span class='ocr_line' id='line_1_14' title="bbox 313 1560 1047 1642; baseline 0.004 -19"><span class='ocrx_word' id='word_1_90' title='bbox 313 1560 441 1625; x_wconf 87' lang='lat' dir='ltr'><strong>Postera</strong></span> <span class='ocrx_word' id='word_1_91' title='bbox 454 1566 626 1626; x_wconf 79' lang='lat' dir='ltr'><strong>noeturnae</strong></span> <span class='ocrx_word' id='word_1_92' title='bbox 639 1581 750 1626; x_wconf 88' lang='lat' dir='ltr'><strong>aurora</strong></span> <span class='ocrx_word' id='word_1_93' title='bbox 762 1566 934 1626; x_wconf 58' lang='lat' dir='ltr'><strong>amoverat</strong></span> <span class='ocrx_word' id='word_1_94' title='bbox 947 1562 1047 1642; x_wconf 83' lang='lat' dir='ltr'><strong>ignea,</strong></span> 
     </span>
     <span class='ocr_line' id='line_1_15' title="bbox 232 1658 941 1742; baseline -0.001 -20"><span class='ocrx_word' id='word_1_95' title='bbox 232 1658 339 1741; x_wconf 82' lang='lat' dir='ltr'><strong>solque</strong></span> <span class='ocrx_word' id='word_1_96' title='bbox 352 1659 517 1742; x_wconf 86' lang='lat' dir='ltr'><strong>pruinosas</strong></span> <span class='ocrx_word' id='word_1_97' title='bbox 529 1659 626 1722; x_wconf 86' lang='lat' dir='ltr'><strong>radiis</strong></span> <span class='ocrx_word' id='word_1_98' title='bbox 639 1659 804 1722; x_wconf 75' lang='lat' dir='ltr'><strong>sinuaverat</strong></span> <span class='ocrx_word' id='word_1_99' title='bbox 815 1660 941 1723; x_wconf 85' lang='lat' dir='ltr'><strong>herbae:</strong></span> 
     </span>
     <span class='ocr_line' id='line_1_16' title="bbox 231 1755 1069 1840; baseline 0 -20"><span class='ocrx_word' id='word_1_100' title='bbox 231 1755 274 1820; x_wconf 90' lang='lat' dir='ltr'><strong>ad</strong></span> <span class='ocrx_word' id='word_1_101' title='bbox 287 1755 415 1820; x_wconf 88' lang='lat' dir='ltr'><strong>solitum</strong></span> <span class='ocrx_word' id='word_1_102' title='bbox 429 1759 531 1820; x_wconf 88' lang='lat' dir='ltr'><strong>eoiere</strong></span> <span class='ocrx_word' id='word_1_103' title='bbox 544 1757 661 1820; x_wconf 81' lang='lat' dir='ltr'><strong>laeum.</strong></span> <span class='ocrx_word' id='word_1_104' title='bbox 701 1757 786 1819; x_wconf 70' lang='lat' dir='ltr'><strong>Turn</strong></span> <span class='ocrx_word' id='word_1_105' title='bbox 796 1776 958 1820; x_wconf 89' lang='lat' dir='ltr'><strong>murmure</strong></span> <span class='ocrx_word' id='word_1_106' title='bbox 971 1776 1069 1840; x_wconf 80' lang='lat' dir='ltr'><strong>parvo</strong></span> 
     </span>
     <span class='ocr_line' id='line_1_17' title="bbox 232 1853 1011 1938; baseline 0 -22"><span class='ocrx_word' id='word_1_107' title='bbox 232 1854 337 1917; x_wconf 84' lang='lat' dir='ltr'><strong>multa</strong></span> <span class='ocrx_word' id='word_1_108' title='bbox 348 1853 437 1936; x_wconf 88' lang='lat' dir='ltr'><strong>priua</strong></span> <span class='ocrx_word' id='word_1_109' title='bbox 450 1853 564 1938; x_wconf 83' lang='lat' dir='ltr'><strong>questi,</strong></span> <span class='ocrx_word' id='word_1_110' title='bbox 580 1855 736 1930; x_wconf 63' lang='lat' dir='ltr'><strong>statuum,</strong></span> <span class='ocrx_word' id='word_1_111' title='bbox 752 1857 789 1917; x_wconf 92' lang='lat' dir='ltr'><strong>ut</strong></span> <span class='ocrx_word' id='word_1_112' title='bbox 801 1858 892 1918; x_wconf 88' lang='lat' dir='ltr'><strong>noete</strong></span> <span class='ocrx_word' id='word_1_113' title='bbox 905 1854 1011 1918; x_wconf 88' lang='lat' dir='ltr'><strong>silenti</strong></span> 
     </span>
     <span class='ocr_line' id='line_1_18' title="bbox 233 1951 1320 2034; baseline 0.003 -20"><span class='ocrx_word' id='word_1_114' title='bbox 233 1951 342 2015; x_wconf 78' lang='lat' dir='ltr'><strong>tallere</strong></span> <span class='ocrx_word' id='word_1_115' title='bbox 356 1953 500 2017; x_wconf 74' lang='lat' dir='ltr'><strong>custodes</strong></span> <span class='ocrx_word' id='word_1_116' title='bbox 513 1951 695 2034; x_wconf 72' lang='lat' dir='ltr'><strong>foribusque</strong></span> <span class='ocrx_word' id='word_1_117' title='bbox 708 1953 853 2016; x_wconf 79' lang='lat' dir='ltr'><strong>excedere</strong></span> <span class='ocrx_word' id='word_1_118' title='bbox 866 1956 1036 2034; x_wconf 85' lang='lat' dir='ltr'><strong>temptent,</strong></span> <span class='ocrx_word' id='word_1_119' title='bbox 1281 1957 1320 2017; x_wconf 85' lang='grc'><strong>85</strong></span> 
     </span>
     <span class='ocr_line' id='line_1_19' title="bbox 233 2049 1180 2133; baseline 0.002 -21"><span class='ocrx_word' id='word_1_120' title='bbox 233 2069 370 2132; x_wconf 88' lang='lat' dir='ltr'><strong>eumque</strong></span> <span class='ocrx_word' id='word_1_121' title='bbox 384 2051 477 2113; x_wconf 91' lang='lat' dir='ltr'><strong>domo</strong></span> <span class='ocrx_word' id='word_1_122' title='bbox 491 2049 636 2126; x_wconf 87' lang='lat' dir='ltr'><strong>exierint,</strong></span> <span class='ocrx_word' id='word_1_123' title='bbox 652 2049 738 2112; x_wconf 88' lang='lat' dir='ltr'><strong>urbis</strong></span> <span class='ocrx_word' id='word_1_124' title='bbox 751 2070 873 2133; x_wconf 90' lang='lat' dir='ltr'><strong>queque</strong></span> <span class='ocrx_word' id='word_1_125' title='bbox 886 2053 970 2114; x_wconf 84' lang='lat' dir='ltr'><strong>teeta</strong></span> <span class='ocrx_word' id='word_1_126' title='bbox 982 2051 1180 2133; x_wconf 70' lang='lat' dir='ltr'><strong>relinquente</strong></span> 
     </span>
     <span class='ocr_line' id='line_1_20' title="bbox 234 2146 946 2232; baseline 0.001 -21"><span class='ocrx_word' id='word_1_127' title='bbox 234 2167 312 2211; x_wconf 82' lang='lat' dir='ltr'><strong>nere</strong></span> <span class='ocrx_word' id='word_1_128' title='bbox 325 2147 368 2210; x_wconf 86' lang='lat' dir='ltr'><strong>ait</strong></span> <span class='ocrx_word' id='word_1_129' title='bbox 380 2146 549 2212; x_wconf 87' lang='lat' dir='ltr'><strong>errandum</strong></span> <span class='ocrx_word' id='word_1_130' title='bbox 564 2148 630 2212; x_wconf 82' lang='lat' dir='ltr'><strong>luto</strong></span> <span class='ocrx_word' id='word_1_131' title='bbox 643 2146 849 2232; x_wconf 85' lang='lat' dir='ltr'><strong>spatiantibus</strong></span> <span class='ocrx_word' id='word_1_132' title='bbox 862 2169 946 2225; x_wconf 82' lang='lat' dir='ltr'><strong>arro,</strong></span> 
     </span>
     <span class='ocr_line' id='line_1_21' title="bbox 233 2239 1062 2328; baseline 0 -19"><span class='ocrx_word' id='word_1_133' title='bbox 233 2245 422 2309; x_wconf 77' lang='lat' dir='ltr'><strong>conveniant</strong></span> <span class='ocrx_word' id='word_1_134' title='bbox 435 2245 476 2308; x_wconf 88' lang='lat' dir='ltr'><strong>ad</strong></span> <span class='ocrx_word' id='word_1_135' title='bbox 490 2246 583 2309; x_wconf 85' lang='lat' dir='ltr'><strong>busta</strong></span> <span class='ocrx_word' id='word_1_136' title='bbox 595 2239 675 2308; x_wconf 77' lang='lat' dir='ltr'><strong>Nini</strong></span> <span class='ocrx_word' id='word_1_137' title='bbox 686 2246 865 2328; x_wconf 83' lang='lat' dir='ltr'><strong>lateantque</strong></span> <span class='ocrx_word' id='word_1_138' title='bbox 879 2247 936 2308; x_wconf 83' lang='lat' dir='ltr'><strong>sub</strong></span> <span class='ocrx_word' id='word_1_139' title='bbox 949 2248 1062 2309; x_wconf 87' lang='lat' dir='ltr'><strong>umbra</strong></span> 
     </span>
     <span class='ocr_line' id='line_1_22' title="bbox 233 2341 974 2426; baseline 0.003 -22"><span class='ocrx_word' id='word_1_140' title='bbox 233 2341 361 2406; x_wconf 83' lang='lat' dir='ltr'><strong>arboris.</strong></span> <span class='ocrx_word' id='word_1_141' title='bbox 404 2342 509 2404; x_wconf 87' lang='lat' dir='ltr'>Arbor</span> <span class='ocrx_word' id='word_1_142' title='bbox 522 2342 577 2418; x_wconf 92' lang='lat' dir='ltr'><strong>ibi,</strong></span> <span class='ocrx_word' id='word_1_143' title='bbox 595 2341 692 2406; x_wconf 81' lang='lat' dir='ltr'><strong>niveis</strong></span> <span class='ocrx_word' id='word_1_144' title='bbox 705 2343 861 2406; x_wconf 88' lang='lat' dir='ltr'><strong>uberrima</strong></span> <span class='ocrx_word' id='word_1_145' title='bbox 873 2344 974 2426; x_wconf 86' lang='lat' dir='ltr'><strong>pomis</strong></span> 
     </span>
     <span class='ocr_line' id='line_1_23' title="bbox 233 2439 989 2531; baseline -0.003 -28"><span class='ocrx_word' id='word_1_146' title='bbox 233 2441 333 2503; x_wconf 74' lang='lat' dir='ltr'><strong>ardtu</strong></span> <span class='ocrx_word' id='word_1_147' title='bbox 345 2460 462 2516; x_wconf 84' lang='lat' dir='ltr'><strong>morus,</strong></span> <span class='ocrx_word' id='word_1_148' title='bbox 478 2443 556 2515; x_wconf 87' lang='lat' dir='ltr'><strong>erat,</strong></span> <span class='ocrx_word' id='word_1_149' title='bbox 572 2439 676 2522; x_wconf 86' lang='lat' dir='ltr'><strong>gelido</strong></span> <span class='ocrx_word' id='word_1_150' title='bbox 688 2440 882 2531; x_wconf 70' lang='lat' dir='ltr'><strong>eontermiua</strong></span> <span class='ocrx_word' id='word_1_151' title='bbox 893 2441 989 2504; x_wconf 78' lang='lat' dir='ltr'><strong>fenti.</strong></span> 
     </span>
     <span class='ocr_line' id='line_1_24' title="bbox 235 2536 1008 2620; baseline 0.001 -21"><span class='ocrx_word' id='word_1_152' title='bbox 235 2536 332 2601; x_wconf 85' lang='lat' dir='ltr'><strong>Paete</strong></span> <span class='ocrx_word' id='word_1_153' title='bbox 343 2538 478 2620; x_wconf 77' lang='lat' dir='ltr'><strong>placent.</strong></span> <span class='ocrx_word' id='word_1_154' title='bbox 523 2537 568 2600; x_wconf 82' lang='lat' dir='ltr'><strong>Et</strong></span> <span class='ocrx_word' id='word_1_155' title='bbox 580 2537 648 2613; x_wconf 86' lang='lat' dir='ltr'><strong>lux,</strong></span> <span class='ocrx_word' id='word_1_156' title='bbox 664 2538 751 2600; x_wconf 85' lang='lat' dir='ltr'><strong>tarde</strong></span> <span class='ocrx_word' id='word_1_157' title='bbox 764 2538 919 2600; x_wconf 62' lang='lat' dir='ltr'><strong>&amp;wedam</strong></span> <span class='ocrx_word' id='word_1_158' title='bbox 931 2538 1008 2613; x_wconf 84' lang='lat' dir='ltr'><strong>risa,</strong></span> 
     </span>
     <span class='ocr_line' id='line_1_25' title="bbox 233 2634 1050 2718; baseline -0.001 -20"><span class='ocrx_word' id='word_1_159' title='bbox 233 2635 461 2718; x_wconf 76' lang='lat' dir='ltr'><strong>praecipitatur</strong></span> <span class='ocrx_word' id='word_1_160' title='bbox 474 2635 574 2717; x_wconf 85' lang='lat' dir='ltr'><strong>aquia,</strong></span> <span class='ocrx_word' id='word_1_161' title='bbox 590 2638 623 2698; x_wconf 84' lang='lat' dir='ltr'><strong>et</strong></span> <span class='ocrx_word' id='word_1_162' title='bbox 634 2635 723 2718; x_wconf 82' lang='lat' dir='ltr'><strong>e&#39;quis</strong></span> <span class='ocrx_word' id='word_1_163' title='bbox 736 2655 799 2698; x_wconf 86' lang='lat' dir='ltr'><strong>nox</strong></span> <span class='ocrx_word' id='word_1_164' title='bbox 810 2635 876 2698; x_wconf 85' lang='lat' dir='ltr'><strong>exit</strong></span> <span class='ocrx_word' id='word_1_165' title='bbox 888 2634 927 2697; x_wconf 88' lang='lat' dir='ltr'><strong>ab</strong></span> <span class='ocrx_word' id='word_1_166' title='bbox 940 2635 1050 2697; x_wconf 86' lang='lat' dir='ltr'><strong>isdem.</strong></span> 
     </span>
     <span class='ocr_line' id='line_1_26' title="bbox 315 2731 1064 2816; baseline -0.003 -20"><span class='ocrx_word' id='word_1_167' title='bbox 315 2732 437 2796; x_wconf 76' lang='lat' dir='ltr'><strong>Callida</strong></span> <span class='ocrx_word' id='word_1_168' title='bbox 449 2753 507 2816; x_wconf 89' lang='lat' dir='ltr'><strong>per</strong></span> <span class='ocrx_word' id='word_1_169' title='bbox 520 2732 663 2795; x_wconf 87' lang='lat' dir='ltr'><strong>tenebrae</strong></span> <span class='ocrx_word' id='word_1_170' title='bbox 677 2735 794 2796; x_wconf 83' lang='lat' dir='ltr'><strong>versate</strong></span> <span class='ocrx_word' id='word_1_171' title='bbox 807 2731 933 2795; x_wconf 79' lang='lat' dir='ltr'><strong>cardine</strong></span> <span class='ocrx_word' id='word_1_172' title='bbox 946 2731 1064 2794; x_wconf 83' lang='lat' dir='ltr'><strong>&#39;I&#39;hisbe</strong></span> 
     </span>
     <span class='ocr_line' id='line_1_27' title="bbox 234 2829 1010 2912; baseline -0.001 -19"><span class='ocrx_word' id='word_1_173' title='bbox 234 2829 395 2912; x_wconf 82' lang='lat' dir='ltr'><strong>egreditur</strong></span> <span class='ocrx_word' id='word_1_174' title='bbox 408 2829 555 2910; x_wconf 72' lang='lat' dir='ltr'><strong>fallitque</strong></span> <span class='ocrx_word' id='word_1_175' title='bbox 568 2848 650 2906; x_wconf 85' lang='lat' dir='ltr'><strong>suos,</strong></span> <span class='ocrx_word' id='word_1_176' title='bbox 665 2829 872 2912; x_wconf 83' lang='lat' dir='ltr'><strong>adopertaque</strong></span> <span class='ocrx_word' id='word_1_177' title='bbox 885 2829 1010 2892; x_wconf 74' lang='lat' dir='ltr'><strong>vultum</strong></span> 
     </span>
     <span class='ocr_line' id='line_1_28' title="bbox 234 2925 1321 3011; baseline 0 -21"><span class='ocrx_word' id='word_1_178' title='bbox 234 2927 379 3011; x_wconf 86' lang='lat' dir='ltr'><strong>pervenit</strong></span> <span class='ocrx_word' id='word_1_179' title='bbox 391 2927 432 2989; x_wconf 89' lang='lat' dir='ltr'><strong>ad</strong></span> <span class='ocrx_word' id='word_1_180' title='bbox 451 2925 623 3001; x_wconf 89' lang='lat' dir='ltr'><strong>tumulum,</strong></span> <span class='ocrx_word' id='word_1_181' title='bbox 638 2926 783 3008; x_wconf 82' lang='lat' dir='ltr'><strong>dietaque</strong></span> <span class='ocrx_word' id='word_1_182' title='bbox 795 2926 853 2989; x_wconf 87' lang='lat' dir='ltr'><strong>sub</strong></span> <span class='ocrx_word' id='word_1_183' title='bbox 866 2926 974 2990; x_wconf 86' lang='lat' dir='ltr'><strong>arbore</strong></span> <span class='ocrx_word' id='word_1_184' title='bbox 987 2925 1079 2990; x_wconf 87' lang='lat' dir='ltr'><strong>aedit.</strong></span> <span class='ocrx_word' id='word_1_185' title='bbox 1282 2929 1321 2990; x_wconf 81' lang='lat'><strong>95</strong></span> 
     </span>
     <span class='ocr_line' id='line_1_29' title="bbox 235 3023 1008 3088; baseline -0.003 0"><span class='ocrx_word' id='word_1_186' title='bbox 235 3024 399 3088; x_wconf 82' lang='lat' dir='ltr'><strong>Audaeem</strong></span> <span class='ocrx_word' id='word_1_187' title='bbox 411 3023 548 3087; x_wconf 77' lang='lat' dir='ltr'><strong>faciebat</strong></span> <span class='ocrx_word' id='word_1_188' title='bbox 560 3042 657 3087; x_wconf 88' lang='lat' dir='ltr'><strong>amer.</strong></span> <span class='ocrx_word' id='word_1_189' title='bbox 700 3023 797 3087; x_wconf 88' lang='lat' dir='ltr'><strong>Venit</strong></span> <span class='ocrx_word' id='word_1_190' title='bbox 809 3043 878 3086; x_wconf 86' lang='lat' dir='ltr'><strong>eeee</strong></span> <span class='ocrx_word' id='word_1_191' title='bbox 891 3024 1008 3086; x_wconf 74' lang='lat' dir='ltr'><strong>recenti</strong></span> 
     </span>
     <span class='ocr_line' id='line_1_30' title="bbox 234 3120 982 3202; baseline -0.004 -17"><span class='ocrx_word' id='word_1_192' title='bbox 234 3123 329 3185; x_wconf 83' lang='lat' dir='ltr'><strong>caede</strong></span> <span class='ocrx_word' id='word_1_193' title='bbox 342 3122 450 3184; x_wconf 89' lang='lat' dir='ltr'><strong>leaena</strong></span> <span class='ocrx_word' id='word_1_194' title='bbox 462 3122 557 3184; x_wconf 89' lang='lat' dir='ltr'><strong>boum</strong></span> <span class='ocrx_word' id='word_1_195' title='bbox 573 3123 753 3202; x_wconf 84' lang='lat' dir='ltr'><strong>spumantes</strong></span> <span class='ocrx_word' id='word_1_196' title='bbox 765 3121 861 3183; x_wconf 83' lang='lat' dir='ltr'><strong>oblita</strong></span> <span class='ocrx_word' id='word_1_197' title='bbox 874 3120 982 3196; x_wconf 87' lang='lat' dir='ltr'><strong>rietus,</strong></span> 
     </span>
     <span class='ocr_line' id='line_1_31' title="bbox 234 3217 893 3300; baseline -0.002 -18"><span class='ocrx_word' id='word_1_198' title='bbox 234 3217 416 3300; x_wconf 84' lang='lat' dir='ltr'><strong>depositura</strong></span> <span class='ocrx_word' id='word_1_199' title='bbox 429 3218 515 3281; x_wconf 83' lang='lat' dir='ltr'><strong>sitim</strong></span> <span class='ocrx_word' id='word_1_200' title='bbox 530 3217 627 3280; x_wconf 79' lang='lat' dir='ltr'><strong>vieini</strong></span> <span class='ocrx_word' id='word_1_201' title='bbox 639 3217 739 3280; x_wconf 78' lang='lat' dir='ltr'><strong>fontia</strong></span> <span class='ocrx_word' id='word_1_202' title='bbox 750 3217 784 3280; x_wconf 93' lang='lat' dir='ltr'><strong>iu</strong></span> <span class='ocrx_word' id='word_1_203' title='bbox 797 3219 893 3281; x_wconf 85' lang='lat' dir='ltr'><strong>undu.</strong></span> 
     </span>
     <span class='ocr_line' id='line_1_32' title="bbox 235 3314 1051 3398; baseline -0.001 -20"><span class='ocrx_word' id='word_1_204' title='bbox 235 3315 339 3392; x_wconf 79' lang='lat' dir='ltr'><strong>Quam</strong></span> <span class='ocrx_word' id='word_1_205' title='bbox 352 3316 462 3398; x_wconf 80' lang='lat' dir='ltr'><strong>procul</strong></span> <span class='ocrx_word' id='word_1_206' title='bbox 475 3316 516 3377; x_wconf 93' lang='lat' dir='ltr'><strong>ad</strong></span> <span class='ocrx_word' id='word_1_207' title='bbox 530 3315 624 3377; x_wconf 88' lang='lat' dir='ltr'><strong>lunae</strong></span> <span class='ocrx_word' id='word_1_208' title='bbox 637 3315 738 3378; x_wconf 88' lang='lat' dir='ltr'><strong>radios</strong></span> <span class='ocrx_word' id='word_1_209' title='bbox 751 3314 921 3395; x_wconf 81' lang='lat' dir='ltr'><strong>Babylonia</strong></span> <span class='ocrx_word' id='word_1_210' title='bbox 934 3315 1051 3377; x_wconf 77' lang='lat' dir='ltr'><strong>Thisbe</strong></span> 
     </span>
     <span class='ocr_line' id='line_1_33' title="bbox 236 3395 1322 3494; baseline -0.001 -18"><span class='ocrx_word' id='word_1_211' title='bbox 236 3412 543 3476; x_wconf 79' lang='lat' dir='ltr'><strong>viditetobseurum</strong></span> <span class='ocrx_word' id='word_1_212' title='bbox 557 3395 907 3494; x_wconf 75' lang='lat' dir='ltr'><strong>timidepedefugitin</strong></span> <span class='ocrx_word' id='word_1_213' title='bbox 920 3415 1060 3488; x_wconf 88' lang='lat' dir='ltr'><strong>antrum,</strong></span> <span class='ocrx_word' id='word_1_214' title='bbox 1263 3415 1322 3476; x_wconf 84' lang='lat'><strong>100</strong></span> 
     </span>
     <span class='ocr_line' id='line_1_34' title="bbox 235 3509 1004 3592; baseline -0.001 -18"><span class='ocrx_word' id='word_1_215' title='bbox 235 3512 376 3592; x_wconf 89' lang='lat' dir='ltr'><strong>dumque</strong></span> <span class='ocrx_word' id='word_1_216' title='bbox 389 3510 487 3592; x_wconf 72' lang='lat' dir='ltr'><strong>fugit,</strong></span> <span class='ocrx_word' id='word_1_217' title='bbox 502 3513 591 3592; x_wconf 84' lang='lat' dir='ltr'><strong>tergo</strong></span> <span class='ocrx_word' id='word_1_218' title='bbox 605 3510 759 3574; x_wconf 82' lang='lat' dir='ltr'><strong>velamina</strong></span> <span class='ocrx_word' id='word_1_219' title='bbox 768 3509 856 3592; x_wconf 87' lang='lat' dir='ltr'><strong>lapsa</strong></span> <span class='ocrx_word' id='word_1_220' title='bbox 867 3509 1004 3592; x_wconf 89' lang='lat' dir='ltr'><strong>reliquit.</strong></span> 
     </span>
     <span class='ocr_line' id='line_1_35' title="bbox 234 3606 973 3690; baseline 0 -18"><span class='ocrx_word' id='word_1_221' title='bbox 234 3608 284 3672; x_wconf 91' lang='lat' dir='ltr'><strong>Ut</strong></span> <span class='ocrx_word' id='word_1_222' title='bbox 296 3608 345 3672; x_wconf 86' lang='lat' dir='ltr'><strong>lea</strong></span> <span class='ocrx_word' id='word_1_223' title='bbox 358 3626 448 3671; x_wconf 82' lang='lat' dir='ltr'><strong>saeva</strong></span> <span class='ocrx_word' id='word_1_224' title='bbox 461 3607 547 3670; x_wconf 86' lang='lat' dir='ltr'><strong>sitim</strong></span> <span class='ocrx_word' id='word_1_225' title='bbox 561 3607 663 3670; x_wconf 91' lang='lat' dir='ltr'><strong>multa</strong></span> <span class='ocrx_word' id='word_1_226' title='bbox 676 3606 865 3690; x_wconf 76' lang='lat' dir='ltr'><strong>compescuit</strong></span> <span class='ocrx_word' id='word_1_227' title='bbox 877 3609 973 3682; x_wconf 89' lang='lat' dir='ltr'><strong>unda,</strong></span> 
     </span>
     <span class='ocr_line' id='line_1_36' title="bbox 235 3703 988 3788; baseline -0.004 -19"><span class='ocrx_word' id='word_1_228' title='bbox 235 3707 313 3769; x_wconf 89' lang='lat' dir='ltr'><strong>dum</strong></span> <span class='ocrx_word' id='word_1_229' title='bbox 327 3705 411 3768; x_wconf 88' lang='lat' dir='ltr'><strong>redit</strong></span> <span class='ocrx_word' id='word_1_230' title='bbox 423 3703 459 3768; x_wconf 91' lang='lat' dir='ltr'><strong>in</strong></span> <span class='ocrx_word' id='word_1_231' title='bbox 472 3703 574 3781; x_wconf 84' lang='lat' dir='ltr'><strong>silvae,</strong></span> <span class='ocrx_word' id='word_1_232' title='bbox 591 3705 734 3768; x_wconf 83' lang='lat' dir='ltr'><strong>inventos</strong></span> <span class='ocrx_word' id='word_1_233' title='bbox 746 3705 828 3769; x_wconf 74' lang='lat' dir='ltr'><strong>torte</strong></span> <span class='ocrx_word' id='word_1_234' title='bbox 840 3704 906 3768; x_wconf 87' lang='lat' dir='ltr'><strong>sine</strong></span> <span class='ocrx_word' id='word_1_235' title='bbox 919 3704 988 3788; x_wconf 83' lang='lat' dir='ltr'><strong>ipsa</strong></span> 
     </span>
     <span class='ocr_line' id='line_1_37' title="bbox 235 3803 887 3868; baseline -0.002 0"><span class='ocrx_word' id='word_1_236' title='bbox 235 3823 288 3868; x_wconf 90' lang='lat' dir='ltr'><strong>ore</strong></span> <span class='ocrx_word' id='word_1_237' title='bbox 302 3806 467 3868; x_wconf 74' lang='lat' dir='ltr'><strong>cruentato</strong></span> <span class='ocrx_word' id='word_1_238' title='bbox 480 3806 591 3867; x_wconf 83' lang='lat' dir='ltr'><strong>tenues</strong></span> <span class='ocrx_word' id='word_1_239' title='bbox 604 3803 735 3867; x_wconf 83' lang='lat' dir='ltr'><strong>laniavit</strong></span> <span class='ocrx_word' id='word_1_240' title='bbox 746 3803 887 3867; x_wconf 82' lang='lat' dir='ltr'><strong>amiotus.</strong></span> 
     </span>
     <span class='ocr_line' id='line_1_38' title="bbox 316 3900 935 3984; baseline -0.003 -18"><span class='ocrx_word' id='word_1_241' title='bbox 316 3900 421 3966; x_wconf 85' lang='lat' dir='ltr'><strong>Serius</strong></span> <span class='ocrx_word' id='word_1_242' title='bbox 434 3918 574 3984; x_wconf 81' lang='lat' dir='ltr'><strong>egressus</strong></span> <span class='ocrx_word' id='word_1_243' title='bbox 587 3900 719 3984; x_wconf 76' lang='lat' dir='ltr'><strong>vestigia</strong></span> <span class='ocrx_word' id='word_1_244' title='bbox 731 3900 811 3965; x_wconf 85' lang='lat' dir='ltr'><strong>vidit</strong></span> <span class='ocrx_word' id='word_1_245' title='bbox 823 3900 858 3962; x_wconf 90' lang='lat' dir='ltr'><strong>iu</strong></span> <span class='ocrx_word' id='word_1_246' title='bbox 871 3901 935 3964; x_wconf 81' lang='lat' dir='ltr'><strong>alto</strong></span> 
     </span>
     <span class='ocr_line' id='line_1_39' title="bbox 234 3997 932 4084; baseline 0.001 -22"><span class='ocrx_word' id='word_1_247' title='bbox 234 3999 364 4084; x_wconf 83' lang='lat' dir='ltr'><strong>pulvere</strong></span> <span class='ocrx_word' id='word_1_248' title='bbox 377 4003 463 4064; x_wconf 84' lang='lat' dir='ltr'><strong>eerta</strong></span> <span class='ocrx_word' id='word_1_249' title='bbox 475 3999 561 4064; x_wconf 86' lang='lat' dir='ltr'><strong>ferae</strong></span> <span class='ocrx_word' id='word_1_250' title='bbox 574 4000 703 4082; x_wconf 83' lang='lat' dir='ltr'><strong>totoque</strong></span> <span class='ocrx_word' id='word_1_251' title='bbox 716 3997 868 4082; x_wconf 84' lang='lat' dir='ltr'><strong>expalluit</strong></span> <span class='ocrx_word' id='word_1_252' title='bbox 880 4019 932 4063; x_wconf 92' lang='lat' dir='ltr'><strong>ore</strong></span> 
     </span>
    </p>
   </div>
   <div class='ocr_carea' id='block_1_3' title="bbox 0 0 1671 4462">
    <p class='ocr_par' dir='ltr' id='par_1_3' title="bbox 0 0 1671 4462">
     <span class='ocr_line' id='line_1_40' title="bbox 0 0 1671 4462; baseline 0 0"><span class='ocrx_word' id='word_1_253' title='bbox 0 0 1671 4462; x_wconf 95' lang='lat' dir='ltr'><strong> </strong></span> 
     </span>
    </p>
   </div>
  </div>
 </body>
</html>
