3322 4462
243 214 279 263 12
434 213 464 261 Ρ.
489 213 603 260 ovum
623 214 774 264 Nasutus
794 215 954 265 samua
975 219 1130 270 astacus.

238 367 403 432 incursant
416 365 516 430 stellis
528 363 719 450 rapiuntque
731 386 789 449 per
801 367 869 431 avia
880 388 1020 433 currum.
1272 377 1331 440 205

239 467 284 531 Et
297 466 391 529 modo
405 484 530 528 summa
542 468 668 548 petunt,
684 465 778 528 modo
791 485 846 548 per
859 467 977 532 declive
990 468 1117 554 viasque
1153 532 1155 534 ,

237 563 426 648 praecipites
439 562 541 646 spatio
555 565 656 626 terrae
669 562 813 645 propiore
826 563 983 628 teruntur.
1228 559 1235 580 ⁸

237 663 439 745 Inferiusque
452 661 518 725 suis
529 662 686 725 fraternos
704 679 827 725 currere
840 661 931 726 Luna

237 761 414 824 admiratur
425 780 531 843 equos,
547 759 753 842 ambustaque
765 759 874 823 nubila
884 761 1023 824 fumant.

320 857 498 940 Oorripitur
511 852 656 932 flammis,
673 863 710 920 ut
726 877 865 940 quaeque
876 858 1037 935 altissima,
1057 861 1148 926 tellus

237 956 370 1038 fissaque
383 954 450 1038 agit
463 956 559 1023 rimas
572 959 604 1018 et
617 954 700 1018 sucis
713 959 780 1018 aret
792 956 954 1038 ademptis.

237 1053 360 1117 Pabula
372 1055 553 1128 canescunt,
569 1071 642 1115 cnm
656 1052 824 1117 frondibus
839 1053 941 1116 uritur
953 1054 1055 1132 arbor,

237 1150 463 1233 materiamque
477 1170 534 1213 suo
547 1151 676 1232 praebet
689 1169 775 1229 seges
787 1150 875 1214 arida
887 1152 1010 1217 damno.

237 1249 339 1313 Parva
353 1269 480 1332 queror:
500 1267 633 1330 magnae
646 1254 782 1331 pereunt
794 1269 866 1312 cnm
879 1251 1043 1314 moenibus
1052 1252 1155 1330 urbes,

237 1366 372 1429 cumque
386 1347 451 1410 suis
464 1348 546 1410 totas
558 1345 686 1430 populis
704 1346 850 1411 incendia
861 1351 969 1429 gentes

236 1443 272 1508 in
285 1443 423 1508 cinerem
439 1447 576 1520 vertunt.
621 1443 725 1508 Silvae
739 1465 812 1508 cum
825 1446 984 1510 montibus
997 1448 1120 1513 ardent.
1130 1503 1150 1535 a

317 1543 402 1605 Tum
416 1562 489 1608 vero
503 1542 670 1606 Phaethon
684 1543 806 1607 cunctis
819 1564 837 1607 e
849 1544 990 1627 partibus
1003 1547 1110 1612 orbem

236 1640 371 1722 adspicit
383 1659 550 1704 accensum
563 1659 621 1703 nec
634 1644 742 1705 tantos
754 1642 1011 1720 sustinebamus,

235 1739 454 1821 terrentesque
467 1757 559 1801 auras
571 1737 661 1802 uelut
673 1759 691 1802 e
704 1739 830 1803 fornace
843 1741 1001 1822 protunda

236 1855 289 1900 ore
303 1835 403 1900 trahit
415 1855 589 1918 currusque
603 1856 676 1900 suos
689 1837 869 1901 candescere
881 1838 991 1916 sentit3

235 1938 269 1998 et
283 1953 385 2018 neque
398 1935 461 1998 iam
476 1934 596 1998 cineres
608 1934 834 2017 eiectatamque
845 1935 986 2000 tosillam

235 2034 319 2096 ferre
332 2036 436 2115 potest
448 2031 614 2114 calidoque
627 2031 802 2096 involvitur
814 2034 953 2116 undique
966 2035 1068 2113 inmo,

236 2151 361 2213 quoque
374 2134 436 2208 eat,
451 2133 509 2193 aut
521 2129 577 2192 ubi
590 2129 643 2206 sit,
658 2129 750 2212 picea
761 2130 893 2214 caligine
906 2135 1007 2195 tectus

234 2228 336 2291 nescit
349 2231 382 2291 et
394 2227 525 2291 arbitrio
539 2227 704 2290 volucrum
718 2231 862 2310 raptatur
873 2249 1035 2311 equorum.

316 2324 476 2407 Sanguine
491 2328 569 2388 tnnc
582 2324 719 2388 credunt
731 2325 766 2388 in
779 2345 907 2408 corpora
919 2346 1042 2390 summa
1056 2332 1165 2393 vocato

235 2422 431 2505 Aethiopum
444 2421 579 2504 populos
591 2422 721 2502 nigrum
735 2423 864 2486 traxisse
875 2425 1020 2488 colorem.

315 2519 410 2582 Nilus
422 2519 457 2581 in
471 2521 648 2583 extremum
661 2519 748 2601 fugit
760 2521 945 2603 perterritus
958 2522 1064 2585 orbem

234 2617 434 2698 occuluitque
447 2619 555 2699 caput,
571 2616 658 2698 quod
670 2617 775 2680 adhuc
787 2618 878 2681 latet:
899 2619 978 2682 ostia
990 2624 1112 2701 septem

232 2713 457 2795 pulverulenta
470 2716 594 2789 vacant,
610 2717 732 2796 septem
745 2715 812 2778 sine
825 2715 955 2779 numine
968 2717 1072 2780 vallea.

314 2811 439 2875 Dissilit
452 2831 545 2876 omne
558 2811 672 2888 solum,
688 2816 892 2896 penetratque
905 2813 940 2876 in
953 2814 1085 2878 Tartara
1098 2816 1187 2880 rimis

232 2908 345 2972 lumen
357 2914 390 2973 et
403 2910 567 2974 infernum
580 2913 681 2974 terret
697 2930 769 2974 cum
783 2911 914 2993 coniuge
928 2931 1043 2994 regem.

233 3005 279 3068 Et
291 3026 377 3070 mare
390 3007 601 3083 contrahitur,
616 3009 778 3089 siccaeque
789 3011 838 3070 est
850 3027 978 3091 campus
991 3008 1125 3074 harenae

233 3103 319 3186 quod
332 3104 427 3169 modo
439 3107 558 3186 pontus
571 3109 653 3167 erat:
674 3124 815 3187 quosque
827 3105 926 3167 altum
941 3109 1061 3170 texerat
1074 3119 1201 3190 aequor,

232 3199 391 3264 exsistunt
403 3205 527 3264 montes
540 3205 573 3265 et
586 3221 707 3284 sparsas
722 3201 871 3285 cycnum
882 3207 1011 3284 augent.

232 3296 303 3360 Ima
316 3302 432 3380 petunt
444 3299 554 3380 pisces,
570 3319 629 3363 nec
642 3319 675 3362 se
689 3318 783 3381 snper
795 3320 928 3384 aequora
940 3301 1029 3364 curvi

231 3395 344 3459 tollere
356 3399 521 3461 consuetos
533 3397 653 3460 audent
666 3397 830 3479 delphines
843 3397 877 3460 in
890 3417 995 3477 auras3

233 3513 364 3575 corpora
376 3494 550 3577 phocarum
563 3515 688 3558 summo
702 3496 848 3580 resupina
860 3497 1018 3579 profundo

232 3591 410 3655 exanimata
423 3595 546 3656 natant.
590 3593 699 3675 Ipsum
715 3614 839 3677 quoque
852 3595 953 3659 Nerea
965 3596 1052 3659 sama
1064 3598 1113 3658 est

232 3689 414 3772 Doridaque
429 3693 463 3752 et
476 3693 566 3753 natas
578 3691 694 3773 tepidis
707 3692 833 3756 latuiaee
846 3694 903 3762 sub
916 3693 1025 3757 anuh.

232 3787 295 3852 Ter
308 3789 480 3871 Neptunus
493 3788 583 3870 aquis
596 3808 670 3852 cum
683 3793 773 3855 torvo
785 3790 929 3858 bracchia
941 3792 1034 3856 vultu

231 3904 371 3950 exserere
383 3905 477 3950 ausus
491 3888 569 3962 erat,
584 3888 635 3949 ter
647 3890 713 3952 non
725 3888 803 3953 tulit
814 3890 894 3954 atris
906 3890 1005 3972 ignes.

312 3984 358 4048 At
370 3989 461 4067 poter
474 3983 684 4068 omnipotens,
700 4005 827 4070 superos
839 3991 969 4053 hemme
982 3991 1015 4054 et
1027 3986 1145 4072 ipsum,
