3322 4462
723 265 728 282 ι
765 235 960 292 ruthenos.

321 395 500 480 corripuere
513 396 596 462 viam
609 397 797 482 pedibusque
808 415 867 479 per
879 399 952 460 adra
965 394 1062 460 motis

321 497 480 560 0118111188
493 495 644 586 scindunt
656 495 781 559 nebulas
793 494 964 578 pennisque
977 492 1075 558 levati

320 598 524 677 praetereunt
537 597 621 659 ortos
634 593 730 658 isdem
744 595 783 658 de
795 592 937 678 pertibus
951 610 1053 680 euros.

401 692 463 756 Sed
476 692 544 755 leve
557 692 682 774 pondus
694 695 768 766 erat,
784 710 840 754 neo
854 691 938 774 quod
952 709 1139 772 cognoscere
1152 691 1281 774 possent

322 789 402 853 Solis
415 790 500 873 eqni,
517 789 670 872 solitaque
682 789 790 872 iugum
803 788 956 870 gravitate
969 789 1110 865 carebat3

323 891 419 970 utque
432 887 542 950 labant
555 906 667 962 curtae
679 886 760 950 iusto
772 887 838 950 sine
851 887 988 970 pondere
1003 905 1099 949 naves

320 1003 440 1067 perque
454 1005 539 1048 mare
552 984 712 1049 instabiles
723 984 820 1048 nimia
832 984 959 1048 levitate
973 984 1148 1058 teruntur„

321 1081 366 1146 sic
379 1102 473 1146 onere
486 1085 616 1146 adsueto
627 1091 741 1146 uacuus
753 1083 808 1146 dat
820 1082 854 1145 in
867 1090 940 1146 adra
952 1081 1052 1145 saltus

321 1180 559 1262 succutiturque
571 1181 635 1244 alte
647 1180 815 1261 similisque
827 1183 874 1242 est
887 1198 999 1242 currus
1012 1179 1111 1242 inani.

401 1277 493 1354 Quod
507 1279 637 1342 simulac
649 1297 778 1352 sensere,
794 1280 892 1340 ruunt
908 1277 1087 1359 tritumque
1100 1276 1290 1359 relinquunt

321 1375 501 1457 quadriiugi
515 1377 663 1458 spatium,
677 1396 734 1440 nec
746 1396 807 1458 quo
819 1376 908 1460 prius
921 1375 1032 1438 ordine
1046 1379 1193 1438 currunt.

321 1471 392 1554 Ipse
405 1477 509 1555 pavet,
526 1493 584 1537 nec
598 1493 660 1556 qua
671 1473 845 1537 commissae
858 1473 963 1536 flectat
977 1472 1126 1547 habenas,

321 1590 379 1634 neo
392 1571 462 1647 seit,
480 1591 542 1653 qua
554 1561 597 1634 sit
609 1572 683 1650 iter3
704 1591 769 1649 nee,
786 1571 811 1634 si
826 1571 913 1647 sciat,
929 1571 1065 1654 imperet
1078 1569 1173 1652 illia,

322 1669 415 1732 Tune
427 1670 567 1752 primum
581 1669 676 1732 radiis
687 1669 781 1751 gelidi
794 1669 915 1732 caluere
928 1669 1062 1732 'Paiones

321 1769 354 1830 et
366 1767 466 1832 vetito
478 1767 598 1831 trustra
610 1770 804 1850 temptarunt
816 1786 948 1849 aequore
961 1766 1056 1849 tingi,

322 1885 462 1948 quaeque
475 1867 548 1948 polo
561 1865 663 1948 posita
674 1868 721 1929 est
731 1864 853 1949 glaciali
871 1861 1016 1948 proxima
1029 1863 1175 1948 Serpens,

321 1963 439 2046 frigore
451 1963 544 2047 pigra
555 1963 644 2045 prius
656 1983 713 2027 nec
724 1961 931 2027 formidabilis
944 1961 1015 2038 ulli,

322 2060 455 2124 incaluit
468 2061 662 2144 sumpsitque
674 2079 767 2124 noras
779 2059 953 2140 terroribus
966 2059 1038 2123 iras.
1064 2095 1071 2108 ·

323 2159 368 2221 'le
382 2179 506 2242 quoque
519 2158 681 2222 turbatum
692 2161 865 2243 memorant
877 2158 1008 2240 fugisse,
1025 2157 1136 2233 Boote,

323 2258 465 2339 quamvis
478 2257 588 2320 tardus
599 2277 667 2324 eras
679 2259 712 2320 et
722 2260 754 2321 te
767 2260 823 2320 tna
835 2257 977 2338 plaustra
989 2256 1151 2321 tenebant.

401 2355 451 2417 Ut
463 2375 536 2419 vero
549 2374 671 2418 summo
683 2355 821 2438 despexit
832 2355 872 2419 ab
890 2354 1016 2418 aethere
1029 2357 1130 2418 terras

323 2452 437 2515 infelix
450 2452 617 2516 Phaethon
630 2451 753 2535 penitus
764 2451 951 2534 penitusque
965 2451 1114 2528 iacentes,

323 2549 440 2632 palluit
452 2553 486 2613 et
499 2549 603 2614 subito
616 2569 718 2631 genua
729 2549 916 2613 intremuere
929 2548 1055 2624 timore,

324 2650 462 2728 suntque
475 2647 574 2710 oeulis
586 2648 730 2711 tenebrae
741 2659 796 2729 per
809 2650 934 2710 tanturn
948 2647 1059 2709 lumen
1072 2646 1211 2709 obortae.

324 2742 444 2808 Etiam
458 2744 567 2809 mallet
579 2765 673 2828 equos
686 2763 855 2826 numquam
869 2742 1009 2826 tetigisse
1021 2746 1180 2827 paternos,

323 2842 386 2904 iam
400 2862 547 2922 cognosse
560 2862 659 2924 genus
669 2841 756 2924 piget
768 2846 800 2906 et
812 2841 943 2905 1111111888
957 2840 1110 2923 rogando,

323 2939 386 3002 18111
400 2939 538 3021 Meropis
550 2939 614 3003 dici
627 2939 753 3022 cupiens
765 2938 811 3002 ita
822 2940 936 3015 fertur,
952 2942 991 3001 ut
1003 2940 1076 3016 acta

323 3036 487 3120 praecipiti
499 3038 595 3119 pinus
606 3036 708 3114 borea,
723 3036 775 3100 cui
787 3037 871 3100 uicta
883 3036 1005 3099 remisit

322 3135 413 3198 trena
426 3154 502 3198 snus
514 3139 626 3210 rector,
642 3144 734 3218 quam
747 3133 794 3197 dis
806 3133 947 3215 votisque
961 3133 1100 3215 reliquit.

324 3231 408 3308 Quid
421 3231 542 3296 iaciat?
561 3231 700 3295 multum
711 3231 785 3296 caeli
797 3235 874 3314 pest
881 3234 970 3314 terge
984 3230 1144 3306 relietum,

318 3336 397 3418 ante
411 3329 518 3392 oeulos
530 3328 602 3411 plus
589 3317 797 3437 estLhnimo
809 3329 941 3392 metitur
953 3332 1139 3411 utrumque,

324 3430 357 3489 et
369 3428 463 3490 modo
477 3395 618 3509 quasilli
627 3427 729 3490 latum
741 3427 920 3509 contingere
933 3446 999 3490 non
1013 3429 1072 3503 est,

323 3524 476 3608 prospicit
489 3545 624 3600 occasus
639 3524 795 3588 interdum
808 3525 934 3608 respicit
948 3528 1051 3590 ο11118
1350 3528 1411 3589 190

324 3623 462 3704 quidque
475 3622 571 3704 ugat'
561 3641 689 3705 rgnarns
700 3627 814 3704 stupet,
830 3626 862 3686 et
875 3642 933 3686 nec
946 3623 1039 3685 trena
1051 3620 1190 3685 remittit

323 3739 381 3784 nec
395 3719 1126 3802 retinerernlet,necheminancuitequorum.
1352 3723 1411 3782 192

403 3817 633 3900 Exspatiantnr
645 3817 725 3900 equi,
737 3818 885 3901 nulloque
898 3817 1064 3881 inhibente
1076 3837 1135 3900 per
1148 3837 1240 3885 auras
1351 3821 1411 3881 202

324 3915 449 3997 ignotae
462 3916 599 3996 regionis
611 3919 698 3990 eunt,-
713 3936 832 4000 quaque
845 3916 982 4000 impetus
995 3915 1072 3997 egit,

323 4012 383 4077 hac
396 4012 463 4078 sine
476 4013 545 4097 lege
558 4016 659 4077 ruunt
670 4013 791 4102 altoque
804 4013 862 4077 snb
880 4013 1006 4077 aethere
1019 4012 1091 4076 fixis
