3322 4462
223 230 266 296 68
419 253 446 301 r.
471 253 585 302 ovrun
604 252 753 303 ussurus
774 252 1114 309 ornumornum.

222 406 338 470 Reotor
351 403 387 467 in
399 402 521 468 inuerto
533 407 580 468 est
591 423 650 475 neo
662 403 741 488 quid
753 404 894 487 fugiatve
906 407 1033 487 petetve

262 502 403 567 invenit:
424 501 580 584 ambiguis
592 521 642 566 ers
653 505 761 585 stupet
773 501 841 586 ipse
854 502 955 568 melis.

223 601 352 666 Soilioet
365 599 539 664 oooidimus
550 619 608 664 neu
620 619 689 683 spes
701 603 749 664 eet
761 600 826 664 ullu
840 599 960 678 solutis,

263 700 404 783 dumque
421 699 544 782 loquor,
559 697 664 762 vultus
677 698 783 763 obruit
795 701 882 764 unde
894 719 990 763 meos.

224 797 393 881 Opprimet
406 796 489 860 hene
502 795 638 859 animem
650 797 766 860 fluetus
778 797 959 880 frustraque
972 798 1116 880 precanti

264 897 495 973 oreneosturss
508 893 694 977 uooipiemuu
706 914 811 977 equus.
1198 886 1206 902 ⁸

222 994 270 1057 At
282 991 337 1076 pis
350 992 397 1054 nil
410 991 498 1054 uliud
513 1011 605 1075 quem
618 1011 668 1054 me
681 991 767 1054 dolet
779 992 886 1056 exsule
899 992 1053 1058 ooniunx:

262 1090 325 1153 hoe
338 1109 441 1152 unum
454 1088 555 1152 nostri
567 1088 686 1170 seitque
700 1088 861 1171 gemitque
873 1089 962 1152 meli.

224 1182 336 1251 Nescit
348 1185 384 1250 in
397 1185 541 1250 inmenso
552 1185 660 1250 ieoteri
674 1205 803 1269 eorpore
815 1189 925 1269 ponto,

263 1283 366 1363 nesoit
378 1283 430 1366 egi
444 1282 557 1359 ventis,
571 1282 670 1346 neeoit
682 1283 787 1347 edesse
800 1303 920 1348 nouem.

224 1382 268 1446 Di
281 1383 372 1457 bene,
389 1382 475 1464 quod
488 1401 553 1445 non
565 1401 635 1450 sum
648 1401 772 1445 meeum
785 1382 992 1446 eonsoendere
1004 1403 1124 1466 pessus,

264 1501 305 1544 ne
318 1478 400 1543 mihi
413 1499 497 1543 mors
510 1479 681 1550 miserebis
694 1479 843 1562 petiende
855 1481 953 1545 foret!

223 1578 270 1642 At
283 1597 371 1640 nunu
384 1581 423 1640 nt
434 1597 572 1659 pereum,
586 1576 736 1660 quonium
748 1581 834 1642 ouret
846 1578 902 1642 ille
915 1578 1042 1661 periclo,

264 1673 399 1737 dimidie
411 1676 496 1736 uerte
507 1677 596 1756 perte
608 1678 763 1756 superstes
776 1695 840 1739 ero.

224 1771 266 1834 Ei
279 1769 372 1847 mihi,
388 1791 484 1854 quem
498 1771 589 1835 oeleri
601 1771 780 1835 miouerunt
793 1772 903 1836 nubilo
916 1773 1056 1837 flammei

265 1868 411 1944 Questus
424 1869 463 1941 ub
477 1867 613 1932 aetherio
625 1873 772 1949 personet
785 1889 842 1932 exe
855 1870 977 1950 fregori

223 1966 294 2029 Neo
306 1965 408 2028 levius
420 1965 546 2030 tebulee
558 1965 693 2045 luterum
705 1965 867 2030 feriuntur
879 1967 919 2030 ub
932 1968 1038 2044 undis,

265 2083 361 2146 quum
374 2083 469 2145 greve
481 2063 620 2128 bellistee
633 2063 758 2127 moenie
769 2065 876 2147 pulset
888 2083 979 2128 onus.

225 2160 288 2237 Qui
301 2158 390 2224 venit
402 2159 457 2225 hio
471 2161 595 2238 fluetus,
610 2161 725 2226 fluetus
738 2161 950 2245 supereminet
963 2182 1086 2228 omnes:

263 2257 419 2341 posterior
432 2279 517 2323 nono
530 2261 577 2322 est
589 2259 817 2342 undecimoque
829 2260 925 2343 prior.

224 2356 293 2420 Neo
306 2355 408 2418 letum
421 2355 534 2420 timeo:
553 2375 651 2439 genus
664 2359 712 2419 est
724 2356 898 2420 miserabile
910 2357 976 2421 leti.

265 2452 393 2517 Demite
406 2452 622 2535 naufragium:
643 2472 726 2516 mors
739 2453 819 2516 mihi
832 2473 950 2517 munus
962 2455 1032 2518 erit

224 2551 284 2623 Est
297 2549 428 2632 aliquid,
444 2551 574 2632 fatoque
586 2569 642 2613 suo
654 2550 799 2633 ferroque
812 2552 977 2615 cedentem

264 2647 300 2710 in
313 2646 413 2709 solide
426 2647 562 2710 moriens
573 2665 686 2730 ponere
700 2667 813 2729 eorpus
825 2648 935 2724 humo,

224 2747 257 2808 et
270 2743 421 2807 mandere
435 2743 501 2807 suis
514 2743 617 2827 ulique
628 2749 685 2806 eut
698 2763 820 2826 sperare
834 2745 1014 2827 sepulerum

264 2844 299 2905 et
311 2861 378 2904 non
390 2841 551 2923 aequoreis
562 2839 697 2924 pisoibus
709 2861 774 2905 esse
787 2842 904 2905 eibum.

225 2937 354 3021 Fingite
368 2958 420 3001 me
428 2934 568 3019 'dignum
580 2936 637 3000 tuli
649 2957 740 3001 neoe:
760 2958 826 3001 non
839 2958 897 3021 ego
911 2938 996 3003 eolus

265 3035 319 3098 hie
333 3034 441 3099 vehor.
484 3033 651 3112 Inmeritus
663 3055 721 3098 our
733 3055 803 3099 mee
815 3056 918 3118 poene
930 3035 1055 3100 trehit?

225 3135 288 3198 Pro
301 3131 407 3215 superi
421 3115 596 3215 viridesdue
608 3131 669 3209 dei,
686 3133 800 3215 quibus
812 3153 948 3216 aequore
960 3152 1064 3210 onree,

264 3233 401 3314 utreque
415 3228 480 3292 iem
493 3234 608 3293 vestros
620 3228 720 3292 sistite
734 3229 827 3293 turbe
840 3229 956 3294 minus:

224 3347 383 3410 quemque
397 3325 487 3391 dedit
500 3326 596 3394 vium
605 3324 775 3390 mitissime
789 3326 928 3390 Oeesuris
940 3326 997 3402 ire,

264 3425 348 3488 huno
362 3423 457 3487 sinite
470 3424 583 3488 infelix
595 3422 630 3486 in
642 3423 711 3487 loos
723 3423 806 3487 iussu
822 3426 933 3488 ierem.

225 3521 269 3598 Si,
287 3541 382 3604 quem
397 3521 571 3598 conmerui,
585 3541 717 3605 poenum
731 3541 782 3586 me
795 3524 932 3604 pendere
947 3522 1057 3586 vultis:

263 3619 359 3701 oulpu
371 3639 443 3681 mee
456 3621 505 3682 est
517 3619 584 3701 ipso
596 3618 700 3682 iudiue
712 3623 814 3683 morte
827 3620 941 3683 minor.

223 3716 353 3780 Mittere
366 3736 418 3780 me
433 3716 558 3798 Stygius
569 3717 596 3779 si
608 3716 671 3779 iem
684 3716 833 3780 voluisset
844 3718 886 3781 ed
898 3717 1001 3781 undes

263 3815 387 3892 Oeeser,
404 3813 440 3878 iu
452 3814 515 3878 hoo
528 3817 628 3878 vestre
640 3834 705 3878 non
718 3815 854 3898 eguisset
867 3834 935 3898 ope.

222 3913 283 3977 Est
296 3913 345 3977 illi
359 3913 460 3978 uostri
474 3933 541 3979 non
552 3912 704 3989 invidiose
717 3913 836 3978 erueris

264 4011 368 4098 oopiu:
390 4011 538 4097 quodque
551 4010 647 4090 dedit,
663 4031 737 4078 oum
749 4012 844 4090 volet,
861 4011 927 4096 ipse
939 4013 1032 4077 feret.
