<?xml version="1.0" encoding="UTF-8"?>
<!DOCTYPE html PUBLIC "-//W3C//DTD XHTML 1.0 Transitional//EN"
    "http://www.w3.org/TR/xhtml1/DTD/xhtml1-transitional.dtd">
<html xmlns="http://www.w3.org/1999/xhtml" xml:lang="en" lang="en">
 <head>
  <title>
</title>
<meta http-equiv="Content-Type" content="text/html;charset=utf-8" />
  <meta name='ocr-system' content='tesseract 3.04.00' />
  <meta name='ocr-capabilities' content='ocr_page ocr_carea ocr_par ocr_line ocrx_word'/>
</head>
<body>
  <div class='ocr_page' id='page_1' title='image "./selectionsfromo00andegoog_0049.png"; bbox 0 0 3322 4462; ppageno 0'>
   <div class='ocr_carea' id='block_1_1' title="bbox 233 220 1119 289">
    <p class='ocr_par' dir='ltr' id='par_1_1' title="bbox 233 220 1119 289">
     <span class='ocr_line' id='line_1_1' title="bbox 233 220 1119 289; baseline 0.002 -19"><span class='ocrx_word' id='word_1_1' title='bbox 233 221 273 289; x_wconf 83' lang='lat'><strong>32</strong></span> <span class='ocrx_word' id='word_1_2' title='bbox 424 222 453 269; x_wconf 78' lang='grc' dir='ltr'><strong>Ρ.</strong></span> <span class='ocrx_word' id='word_1_3' title='bbox 477 222 587 270; x_wconf 79' lang='lat' dir='ltr'><strong>evron</strong></span> <span class='ocrx_word' id='word_1_4' title='bbox 608 222 757 271; x_wconf 72' lang='lat' dir='ltr'>NASONIS</span> <span class='ocrx_word' id='word_1_5' title='bbox 778 220 941 270; x_wconf 69' lang='lat' dir='ltr'><strong>Offlsslss</strong></span> <span class='ocrx_word' id='word_1_6' title='bbox 962 221 1119 272; x_wconf 74' lang='lat' dir='ltr'><strong>sunnon.</strong></span> 
     </span>
    </p>
   </div>
   <div class='ocr_carea' id='block_1_2' title="bbox 225 371 1318 1924">
    <p class='ocr_par' dir='ltr' id='par_1_2' title="bbox 225 371 1318 1924">
     <span class='ocr_line' id='line_1_2' title="bbox 230 371 1318 456; baseline 0.002 -22"><span class='ocrx_word' id='word_1_7' title='bbox 230 371 307 448; x_wconf 85' lang='lat' dir='ltr'><strong>urit,</strong></span> <span class='ocrx_word' id='word_1_8' title='bbox 324 375 357 436; x_wconf 89' lang='lat' dir='ltr'><strong>et</strong></span> <span class='ocrx_word' id='word_1_9' title='bbox 371 371 469 437; x_wconf 85' lang='lat' dir='ltr'><strong>inviso</strong></span> <span class='ocrx_word' id='word_1_10' title='bbox 482 373 611 438; x_wconf 87' lang='lat' dir='ltr'><strong>meritus</strong></span> <span class='ocrx_word' id='word_1_11' title='bbox 624 378 789 456; x_wconf 86' lang='lat' dir='ltr'><strong>torquetur</strong></span> <span class='ocrx_word' id='word_1_12' title='bbox 802 374 842 438; x_wconf 81' lang='lat' dir='ltr'><strong>nb</strong></span> <span class='ocrx_word' id='word_1_13' title='bbox 855 393 943 437; x_wconf 81' lang='lat' dir='ltr'><strong>euro.</strong></span> <span class='ocrx_word' id='word_1_14' title='bbox 1260 377 1318 438; x_wconf 84' lang='grc'>130</span> 
     </span>
     <span class='ocr_line' id='line_1_3' title="bbox 229 470 1109 554; baseline 0.002 -21"><span class='ocrx_word' id='word_1_15' title='bbox 229 471 282 538; x_wconf 86' lang='lat' dir='ltr'><strong>Ad</strong></span> <span class='ocrx_word' id='word_1_16' title='bbox 296 470 477 553; x_wconf 86' lang='lat' dir='ltr'><strong>coelumque</strong></span> <span class='ocrx_word' id='word_1_17' title='bbox 488 491 597 535; x_wconf 78' lang='lat' dir='ltr'><strong>monus</strong></span> <span class='ocrx_word' id='word_1_18' title='bbox 610 476 642 534; x_wconf 93' lang='lat' dir='ltr'><strong>et</strong></span> <span class='ocrx_word' id='word_1_19' title='bbox 656 471 820 554; x_wconf 88' lang='lat' dir='ltr'><strong>splendido</strong></span> <span class='ocrx_word' id='word_1_20' title='bbox 833 471 980 536; x_wconf 80' lang='lat' dir='ltr'><strong>bracchio</strong></span> <span class='ocrx_word' id='word_1_21' title='bbox 993 473 1109 536; x_wconf 89' lang='lat' dir='ltr'><strong>tollens</strong></span> 
     </span>
     <span class='ocr_line' id='line_1_4' title="bbox 230 569 1075 655; baseline 0 -22"><span class='ocrx_word' id='word_1_22' title='bbox 230 569 301 633; x_wconf 81' lang='lat' dir='ltr'><strong>‘De</strong></span> <span class='ocrx_word' id='word_1_23' title='bbox 315 569 447 645; x_wconf 77' lang='lat' dir='ltr'><strong>venium,</strong></span> <span class='ocrx_word' id='word_1_24' title='bbox 464 569 582 633; x_wconf 64' lang='lat' dir='ltr'><strong>husee</strong></span> <span class='ocrx_word' id='word_1_25' title='bbox 594 572 699 652; x_wconf 76' lang='lat' dir='ltr'><strong>peter!</strong></span> <span class='ocrx_word' id='word_1_26' title='bbox 721 570 944 653; x_wconf 75' lang='lat' dir='ltr'><strong>peccavimus,&#39;</strong></span> <span class='ocrx_word' id='word_1_27' title='bbox 956 571 1075 655; x_wconf 89' lang='lat' dir='ltr'><strong>inquit,</strong></span> 
     </span>
     <span class='ocr_line' id='line_1_5' title="bbox 229 667 1080 753; baseline 0.001 -22"><span class='ocrx_word' id='word_1_28' title='bbox 229 667 304 731; x_wconf 90' lang='lat' dir='ltr'><strong>‘sed</strong></span> <span class='ocrx_word' id='word_1_29' title='bbox 318 667 472 745; x_wconf 83' lang='lat' dir='ltr'><strong>miserere,</strong></span> <span class='ocrx_word' id='word_1_30' title='bbox 487 687 605 750; x_wconf 86' lang='lat' dir='ltr'><strong>precor,</strong></span> <span class='ocrx_word' id='word_1_31' title='bbox 621 667 822 751; x_wconf 85' lang='lat' dir='ltr'><strong>speciosoque</strong></span> <span class='ocrx_word' id='word_1_32' title='bbox 837 670 923 753; x_wconf 82' lang='lat' dir='ltr'><strong>eripe</strong></span> <span class='ocrx_word' id='word_1_33' title='bbox 937 670 1080 735; x_wconf 63' lang='lat' dir='ltr'><strong>domno)</strong></span> 
     </span>
     <span class='ocr_line' id='line_1_6' title="bbox 309 765 1131 850; baseline 0.002 -22"><span class='ocrx_word' id='word_1_34' title='bbox 309 765 388 830; x_wconf 87' lang='lat' dir='ltr'><strong>Mite</strong></span> <span class='ocrx_word' id='word_1_35' title='bbox 401 767 494 829; x_wconf 92' lang='lat' dir='ltr'><strong>deum</strong></span> <span class='ocrx_word' id='word_1_36' title='bbox 509 775 640 830; x_wconf 86' lang='lat' dir='ltr'><strong>numen:</strong></span> <span class='ocrx_word' id='word_1_37' title='bbox 662 767 804 831; x_wconf 86' lang='lat' dir='ltr'><strong>Bocchus</strong></span> <span class='ocrx_word' id='word_1_38' title='bbox 818 788 961 850; x_wconf 76' lang='lat' dir='ltr'><strong>peccasse</strong></span> <span class='ocrx_word' id='word_1_39' title='bbox 974 770 1131 832; x_wconf 79' lang='lat' dir='ltr'><strong>fetentem</strong></span> 
     </span>
     <span class='ocr_line' id='line_1_7' title="bbox 226 863 1315 947; baseline 0 -21"><span class='ocrx_word' id='word_1_40' title='bbox 226 863 368 927; x_wconf 87' lang='lat' dir='ltr'><strong>restituit</strong></span> <span class='ocrx_word' id='word_1_41' title='bbox 379 864 525 947; x_wconf 80' lang='lat' dir='ltr'><strong>pectique</strong></span> <span class='ocrx_word' id='word_1_42' title='bbox 537 864 597 928; x_wconf 89' lang='lat' dir='ltr'><strong>flde</strong></span> <span class='ocrx_word' id='word_1_43' title='bbox 611 864 686 927; x_wconf 83' lang='lat' dir='ltr'><strong>dete</strong></span> <span class='ocrx_word' id='word_1_44' title='bbox 700 885 830 928; x_wconf 83' lang='lat' dir='ltr'><strong>munere</strong></span> <span class='ocrx_word' id='word_1_45' title='bbox 844 866 948 930; x_wconf 83' lang='lat' dir='ltr'><strong>solvit.</strong></span> <span class='ocrx_word' id='word_1_46' title='bbox 1258 867 1315 928; x_wconf 81' lang='grc'>135</span> 
     </span>
     <span class='ocr_line' id='line_1_8' title="bbox 229 961 999 1044; baseline 0 -18"><span class='ocrx_word' id='word_1_47' title='bbox 229 961 337 1026; x_wconf 84' lang='lat' dir='ltr'><strong>‘Nero</strong></span> <span class='ocrx_word' id='word_1_48' title='bbox 350 963 431 1026; x_wconf 83' lang='lat' dir='ltr'><strong>mule</strong></span> <span class='ocrx_word' id='word_1_49' title='bbox 444 965 550 1044; x_wconf 78' lang='lat' dir='ltr'><strong>optato</strong></span> <span class='ocrx_word' id='word_1_50' title='bbox 563 981 688 1026; x_wconf 80' lang='lat' dir='ltr'><strong>maneos</strong></span> <span class='ocrx_word' id='word_1_51' title='bbox 700 963 899 1026; x_wconf 87' lang='lat' dir='ltr'><strong>circumlitus</strong></span> <span class='ocrx_word' id='word_1_52' title='bbox 911 983 999 1039; x_wconf 83' lang='lat' dir='ltr'><strong>euro,</strong></span> 
     </span>
     <span class='ocr_line' id='line_1_9' title="bbox 225 1059 1052 1142; baseline 0 -19"><span class='ocrx_word' id='word_1_53' title='bbox 225 1059 325 1123; x_wconf 80' lang='lat' dir='ltr'><strong>rode&#39;</strong></span> <span class='ocrx_word' id='word_1_54' title='bbox 339 1059 386 1123; x_wconf 84' lang='lat' dir='ltr'><strong>eit</strong></span> <span class='ocrx_word' id='word_1_55' title='bbox 400 1061 459 1123; x_wconf 88' lang='lat' dir='ltr'><strong>‘ed</strong></span> <span class='ocrx_word' id='word_1_56' title='bbox 471 1059 592 1142; x_wconf 76' lang='lat' dir='ltr'><strong>mugnis</strong></span> <span class='ocrx_word' id='word_1_57' title='bbox 606 1059 746 1123; x_wconf 87' lang='lat' dir='ltr'><strong>ricinum</strong></span> <span class='ocrx_word' id='word_1_58' title='bbox 761 1059 912 1125; x_wconf 79' lang='lat' dir='ltr'>Sardibus</span> <span class='ocrx_word' id='word_1_59' title='bbox 925 1080 1052 1124; x_wconf 84' lang='lat' dir='ltr'><strong>emnem</strong></span> 
     </span>
     <span class='ocr_line' id='line_1_10' title="bbox 225 1156 1022 1239; baseline 0.004 -21"><span class='ocrx_word' id='word_1_60' title='bbox 225 1175 345 1239; x_wconf 81' lang='lat' dir='ltr'><strong>perque</strong></span> <span class='ocrx_word' id='word_1_61' title='bbox 359 1156 469 1239; x_wconf 74' lang='lat' dir='ltr'><strong>iugum</strong></span> <span class='ocrx_word' id='word_1_62' title='bbox 482 1156 597 1220; x_wconf 90' lang='lat' dir='ltr'><strong>montis</strong></span> <span class='ocrx_word' id='word_1_63' title='bbox 610 1157 789 1220; x_wconf 83' lang='lat' dir='ltr'><strong>labentibus</strong></span> <span class='ocrx_word' id='word_1_64' title='bbox 802 1157 913 1221; x_wconf 82' lang='lat' dir='ltr'><strong>obvius</strong></span> <span class='ocrx_word' id='word_1_65' title='bbox 926 1157 1022 1222; x_wconf 89' lang='lat' dir='ltr'><strong>undis</strong></span> 
     </span>
     <span class='ocr_line' id='line_1_11' title="bbox 225 1253 983 1336; baseline 0.003 -19"><span class='ocrx_word' id='word_1_66' title='bbox 225 1273 319 1336; x_wconf 78' lang='lat' dir='ltr'><strong>carpe</strong></span> <span class='ocrx_word' id='word_1_67' title='bbox 332 1253 426 1330; x_wconf 80' lang='lat' dir='ltr'><strong>riom,</strong></span> <span class='ocrx_word' id='word_1_68' title='bbox 441 1255 540 1318; x_wconf 90' lang='lat' dir='ltr'><strong>donec</strong></span> <span class='ocrx_word' id='word_1_69' title='bbox 552 1254 657 1318; x_wconf 77' lang='lat' dir='ltr'><strong>venius</strong></span> <span class='ocrx_word' id='word_1_70' title='bbox 670 1255 711 1318; x_wconf 87' lang='lat' dir='ltr'><strong>ed</strong></span> <span class='ocrx_word' id='word_1_71' title='bbox 725 1255 866 1318; x_wconf 86' lang='lat' dir='ltr'><strong>fluminis</strong></span> <span class='ocrx_word' id='word_1_72' title='bbox 879 1259 983 1333; x_wconf 87' lang='lat' dir='ltr'><strong>ortus;</strong></span> 
     </span>
     <span class='ocr_line' id='line_1_12' title="bbox 226 1351 1315 1435; baseline 0.001 -20"><span class='ocrx_word' id='word_1_73' title='bbox 226 1351 466 1435; x_wconf 77' lang='lat' dir='ltr'><strong>spumigeroque</strong></span> <span class='ocrx_word' id='word_1_74' title='bbox 478 1354 569 1432; x_wconf 87' lang='lat' dir='ltr'><strong>tuum</strong></span> <span class='ocrx_word' id='word_1_75' title='bbox 582 1351 678 1428; x_wconf 75' lang='lat' dir='ltr'><strong>fonti,</strong></span> <span class='ocrx_word' id='word_1_76' title='bbox 696 1372 757 1434; x_wconf 87' lang='lat' dir='ltr'><strong>quo</strong></span> <span class='ocrx_word' id='word_1_77' title='bbox 770 1353 930 1435; x_wconf 88' lang='lat' dir='ltr'><strong>plurimus</strong></span> <span class='ocrx_word' id='word_1_78' title='bbox 943 1353 1020 1428; x_wconf 89' lang='lat' dir='ltr'><strong>exit,</strong></span> <span class='ocrx_word' id='word_1_79' title='bbox 1258 1356 1315 1416; x_wconf 84' lang='lat'><strong>140</strong></span> 
     </span>
     <span class='ocr_line' id='line_1_13' title="bbox 225 1449 1096 1540; baseline 0 -26"><span class='ocrx_word' id='word_1_80' title='bbox 225 1450 325 1540; x_wconf 86' lang='lat' dir='ltr'><strong>subde</strong></span> <span class='ocrx_word' id='word_1_81' title='bbox 338 1454 434 1533; x_wconf 82' lang='lat' dir='ltr'><strong>ceput</strong></span> <span class='ocrx_word' id='word_1_82' title='bbox 446 1469 617 1533; x_wconf 72' lang='lat' dir='ltr'><strong>corpusque</strong></span> <span class='ocrx_word' id='word_1_83' title='bbox 631 1449 738 1526; x_wconf 88' lang='lat' dir='ltr'><strong>simul,</strong></span> <span class='ocrx_word' id='word_1_84' title='bbox 754 1450 850 1515; x_wconf 89' lang='lat' dir='ltr'><strong>simul</strong></span> <span class='ocrx_word' id='word_1_85' title='bbox 865 1453 935 1516; x_wconf 90' lang='lat' dir='ltr'><strong>elue</strong></span> <span class='ocrx_word' id='word_1_86' title='bbox 948 1451 1096 1516; x_wconf 82' lang='lat' dir='ltr'><strong>crimen’</strong></span> 
     </span>
     <span class='ocr_line' id='line_1_14' title="bbox 307 1548 1077 1632; baseline -0.001 -18"><span class='ocrx_word' id='word_1_87' title='bbox 307 1549 374 1614; x_wconf 84' lang='lat' dir='ltr'><strong>Rex</strong></span> <span class='ocrx_word' id='word_1_88' title='bbox 384 1549 482 1614; x_wconf 84' lang='lat' dir='ltr'><strong>iussee</strong></span> <span class='ocrx_word' id='word_1_89' title='bbox 495 1548 633 1614; x_wconf 84' lang='lat' dir='ltr'><strong>succedit</strong></span> <span class='ocrx_word' id='word_1_90' title='bbox 646 1569 752 1632; x_wconf 86' lang='lat' dir='ltr'><strong>uquoe.</strong></span> <span class='ocrx_word' id='word_1_91' title='bbox 797 1551 856 1615; x_wconf 88' lang='lat' dir='ltr'><strong>Vis</strong></span> <span class='ocrx_word' id='word_1_92' title='bbox 869 1571 964 1614; x_wconf 82' lang='lat' dir='ltr'><strong>curce</strong></span> <span class='ocrx_word' id='word_1_93' title='bbox 979 1550 1077 1614; x_wconf 84' lang='lat' dir='ltr'><strong>tinxit</strong></span> 
     </span>
     <span class='ocr_line' id='line_1_15' title="bbox 225 1646 1042 1729; baseline 0.001 -20"><span class='ocrx_word' id='word_1_94' title='bbox 225 1646 346 1709; x_wconf 87' lang='lat' dir='ltr'><strong>flumen</strong></span> <span class='ocrx_word' id='word_1_95' title='bbox 359 1649 393 1709; x_wconf 92' lang='lat' dir='ltr'><strong>et</strong></span> <span class='ocrx_word' id='word_1_96' title='bbox 404 1646 542 1710; x_wconf 85' lang='lat' dir='ltr'><strong>lrurnnno</strong></span> <span class='ocrx_word' id='word_1_97' title='bbox 554 1647 594 1710; x_wconf 90' lang='lat' dir='ltr'><strong>de</strong></span> <span class='ocrx_word' id='word_1_98' title='bbox 608 1657 737 1729; x_wconf 86' lang='lat' dir='ltr'><strong>corpore</strong></span> <span class='ocrx_word' id='word_1_99' title='bbox 750 1647 843 1712; x_wconf 80' lang='lat' dir='ltr'><strong>cessit</strong></span> <span class='ocrx_word' id='word_1_100' title='bbox 855 1647 891 1710; x_wconf 90' lang='lat' dir='ltr'><strong>in</strong></span> <span class='ocrx_word' id='word_1_101' title='bbox 905 1667 1042 1712; x_wconf 81' lang='lat' dir='ltr'><strong>emnem.</strong></span> 
     </span>
     <span class='ocr_line' id='line_1_16' title="bbox 226 1730 1066 1827; baseline 0 -21"><span class='ocrx_word' id='word_1_102' title='bbox 226 1742 324 1806; x_wconf 85' lang='lat' dir='ltr'><strong>Nunc</strong></span> <span class='ocrx_word' id='word_1_103' title='bbox 338 1762 460 1824; x_wconf 89' lang='lat' dir='ltr'><strong>quoque</strong></span> <span class='ocrx_word' id='word_1_104' title='bbox 474 1743 536 1806; x_wconf 78' lang='lat' dir='ltr'><strong>iem</strong></span> <span class='ocrx_word' id='word_1_105' title='bbox 550 1743 660 1807; x_wconf 84' lang='lat' dir='ltr'><strong>veteris</strong></span> <span class='ocrx_word' id='word_1_106' title='bbox 674 1730 954 1827; x_wconf 64' lang='lat' dir='ltr'><strong>percepto&#39;semine</strong></span> <span class='ocrx_word' id='word_1_107' title='bbox 968 1762 1066 1806; x_wconf 84' lang='lat' dir='ltr'><strong>veneo</strong></span> 
     </span>
     <span class='ocr_line' id='line_1_17' title="bbox 226 1839 1314 1924; baseline -0.004 -16"><span class='ocrx_word' id='word_1_108' title='bbox 226 1839 957 1924; x_wconf 78' lang='lat' dir='ltr'><strong>arrorigenteuromedidispnllentiugleebis</strong></span> <span class='ocrx_word' id='word_1_109' title='bbox 1257 1844 1314 1904; x_wconf 81' lang='lat'><strong>145</strong></span> 
     </span>
    </p>
   </div>
   <div class='ocr_carea' id='block_1_3' title="bbox 228 2101 1311 2340">
    <p class='ocr_par' dir='ltr' id='par_1_3' title="bbox 228 2101 1311 2340">
     <span class='ocr_line' id='line_1_18' title="bbox 228 2101 1311 2168; baseline 0.005 -6"><span class='ocrx_word' id='word_1_110' title='bbox 228 2105 276 2165; x_wconf 79' lang='lat'><strong>13.</strong></span> <span class='ocrx_word' id='word_1_111' title='bbox 309 2101 404 2165; x_wconf 74' lang='lat' dir='ltr'><strong>THE</strong></span> <span class='ocrx_word' id='word_1_112' title='bbox 414 2101 621 2167; x_wconf 70' lang='lat' dir='ltr'><strong>OONTEST</strong></span> <span class='ocrx_word' id='word_1_113' title='bbox 630 2102 722 2168; x_wconf 65' lang='lat' dir='ltr'><strong>ROB</strong></span> <span class='ocrx_word' id='word_1_114' title='bbox 740 2102 834 2166; x_wconf 75' lang='lat' dir='ltr'><strong>THE</strong></span> <span class='ocrx_word' id='word_1_115' title='bbox 845 2101 977 2167; x_wconf 78' lang='lat' dir='ltr'><em>ARMS</em></span> <span class='ocrx_word' id='word_1_116' title='bbox 993 2102 1055 2168; x_wconf 75' lang='lat' dir='ltr'><strong>OF</strong></span> <span class='ocrx_word' id='word_1_117' title='bbox 1063 2101 1094 2166; x_wconf 79' lang='lat' dir='ltr'><strong><em>A</em></strong></span> <span class='ocrx_word' id='word_1_118' title='bbox 1104 2101 1311 2167; x_wconf 70' lang='lat' dir='ltr'><strong>OHILLTS.</strong></span> 
     </span>
     <span class='ocr_line' id='line_1_19' title="bbox 493 2267 1054 2340; baseline -0.004 -14"><span class='ocrx_word' id='word_1_119' title='bbox 493 2280 568 2326; x_wconf 85' lang='lat' dir='ltr'><strong>rrrrr.</strong></span> <span class='ocrx_word' id='word_1_120' title='bbox 586 2279 650 2326; x_wconf 88' lang='lat' dir='ltr'>x11.</span> <span class='ocrx_word' id='word_1_121' title='bbox 669 2267 822 2340; x_wconf 69' lang='lat' dir='ltr'><strong>tlt-6283</strong></span> <span class='ocrx_word' id='word_1_122' title='bbox 845 2280 925 2325; x_wconf 84' lang='lat' dir='ltr'><strong>xm.</strong></span> <span class='ocrx_word' id='word_1_123' title='bbox 944 2267 1054 2328; x_wconf 86' lang='grc'>1-308.</span> 
     </span>
    </p>
   </div>
   <div class='ocr_carea' id='block_1_4' title="bbox 224 2423 1315 2797">
    <p class='ocr_par' dir='ltr' id='par_1_4' title="bbox 224 2423 1315 2797">
     <span class='ocr_line' id='line_1_20' title="bbox 307 2423 1146 2506; baseline -0.001 -18"><span class='ocrx_word' id='word_1_124' title='bbox 307 2424 376 2488; x_wconf 85' lang='lat' dir='ltr'><strong>lum</strong></span> <span class='ocrx_word' id='word_1_125' title='bbox 389 2425 484 2488; x_wconf 89' lang='lat' dir='ltr'><strong>timor</strong></span> <span class='ocrx_word' id='word_1_126' title='bbox 496 2423 549 2487; x_wconf 84' lang='lat' dir='ltr'><strong>ille</strong></span> <span class='ocrx_word' id='word_1_127' title='bbox 563 2424 735 2506; x_wconf 81' lang='lat' dir='ltr'><strong>Phrygum,</strong></span> <span class='ocrx_word' id='word_1_128' title='bbox 752 2424 847 2487; x_wconf 90' lang='lat' dir='ltr'><strong>decus</strong></span> <span class='ocrx_word' id='word_1_129' title='bbox 860 2427 894 2487; x_wconf 91' lang='lat' dir='ltr'><strong>et</strong></span> <span class='ocrx_word' id='word_1_130' title='bbox 907 2425 1009 2488; x_wconf 83' lang='lat' dir='ltr'><strong>tutelo</strong></span> <span class='ocrx_word' id='word_1_131' title='bbox 1023 2423 1146 2506; x_wconf 75' lang='lat' dir='ltr'><strong>Pelasgi</strong></span> 
     </span>
     <span class='ocr_line' id='line_1_21' title="bbox 225 2521 1011 2604; baseline 0.001 -20"><span class='ocrx_word' id='word_1_132' title='bbox 225 2521 375 2597; x_wconf 86' lang='lat' dir='ltr'><strong>nominis,</strong></span> <span class='ocrx_word' id='word_1_133' title='bbox 391 2521 548 2598; x_wconf 70' lang='lat' dir='ltr'><strong>Aeacides,</strong></span> <span class='ocrx_word' id='word_1_134' title='bbox 563 2524 659 2604; x_wconf 80' lang='lat' dir='ltr'><strong>ceput</strong></span> <span class='ocrx_word' id='word_1_135' title='bbox 677 2521 888 2603; x_wconf 82' lang='lat' dir='ltr'><strong>insuperabile</strong></span> <span class='ocrx_word' id='word_1_136' title='bbox 902 2521 1011 2602; x_wconf 86' lang='lat' dir='ltr'><strong>bello,¹</strong></span> 
     </span>
     <span class='ocr_line' id='line_1_22' title="bbox 224 2618 1051 2701; baseline 0.002 -20"><span class='ocrx_word' id='word_1_137' title='bbox 224 2622 357 2682; x_wconf 81' lang='lat' dir='ltr'><strong>urserat:</strong></span> <span class='ocrx_word' id='word_1_138' title='bbox 378 2627 513 2682; x_wconf 75' lang='lat' dir='ltr'><strong>armaret</strong></span> <span class='ocrx_word' id='word_1_139' title='bbox 526 2620 602 2697; x_wconf 83' lang='lat' dir='ltr'><strong>deus</strong></span> <span class='ocrx_word' id='word_1_140' title='bbox 614 2619 710 2690; x_wconf 88' lang='lat' dir='ltr'><strong>idem,</strong></span> <span class='ocrx_word' id='word_1_141' title='bbox 726 2618 873 2701; x_wconf 89' lang='lat' dir='ltr'><strong>idemque</strong></span> <span class='ocrx_word' id='word_1_142' title='bbox 887 2622 1051 2682; x_wconf 74' lang='lat' dir='ltr'><strong>cremarat</strong></span> 
     </span>
     <span class='ocr_line' id='line_1_23' title="bbox 225 2715 1315 2797; baseline 0.002 -18"><span class='ocrx_word' id='word_1_143' title='bbox 225 2716 295 2779; x_wconf 84' lang='lat' dir='ltr'><strong>lom</strong></span> <span class='ocrx_word' id='word_1_144' title='bbox 310 2715 390 2780; x_wconf 88' lang='lat' dir='ltr'><strong>cinis</strong></span> <span class='ocrx_word' id='word_1_145' title='bbox 402 2720 459 2792; x_wconf 87' lang='lat' dir='ltr'><strong>est,</strong></span> <span class='ocrx_word' id='word_1_146' title='bbox 474 2718 558 2780; x_wconf 90' lang='lat' dir='ltr'><strong>etde</strong></span> <span class='ocrx_word' id='word_1_147' title='bbox 571 2721 636 2780; x_wconf 88' lang='lat' dir='ltr'><strong>tem</strong></span> <span class='ocrx_word' id='word_1_148' title='bbox 652 2735 765 2797; x_wconf 80' lang='lat' dir='ltr'><strong>magno</strong></span> <span class='ocrx_word' id='word_1_149' title='bbox 779 2721 876 2780; x_wconf 89' lang='lat' dir='ltr'><strong>restet</strong></span> <span class='ocrx_word' id='word_1_150' title='bbox 890 2717 1017 2780; x_wconf 87' lang='lat' dir='ltr'><strong>Achille</strong></span> <span class='ocrx_word' id='word_1_151' title='bbox 1203 2737 1207 2746; x_wconf 92' lang='lat'>·</span> <span class='ocrx_word' id='word_1_152' title='bbox 1258 2721 1315 2781; x_wconf 80' lang='lat'><strong>615</strong></span> 
     </span>
    </p>
   </div>
   <div class='ocr_carea' id='block_1_5' title="bbox 225 2813 1318 4059">
    <p class='ocr_par' dir='ltr' id='par_1_5' title="bbox 225 2813 1157 2898">
     <span class='ocr_line' id='line_1_24' title="bbox 225 2813 1157 2898; baseline 0 -22"><span class='ocrx_word' id='word_1_153' title='bbox 225 2813 332 2877; x_wconf 89' lang='lat' dir='ltr'><strong>neseio</strong></span> <span class='ocrx_word' id='word_1_154' title='bbox 346 2813 434 2895; x_wconf 88' lang='lat' dir='ltr'><strong>quid,</strong></span> <span class='ocrx_word' id='word_1_155' title='bbox 446 2829 572 2898; x_wconf 82' lang='lat' dir='ltr'><strong>pervum</strong></span> <span class='ocrx_word' id='word_1_156' title='bbox 585 2814 670 2896; x_wconf 92' lang='lat' dir='ltr'><strong>quod</strong></span> <span class='ocrx_word' id='word_1_157' title='bbox 684 2833 749 2876; x_wconf 86' lang='lat' dir='ltr'><strong>uon</strong></span> <span class='ocrx_word' id='word_1_158' title='bbox 764 2813 843 2877; x_wconf 87' lang='lat' dir='ltr'><strong>bene</strong></span> <span class='ocrx_word' id='word_1_159' title='bbox 856 2816 1014 2896; x_wconf 77' lang='lat' dir='ltr'><strong>compleat</strong></span> <span class='ocrx_word' id='word_1_160' title='bbox 1026 2821 1157 2878; x_wconf 81' lang='lat' dir='ltr'><strong>ornem:</strong></span> 
     </span>
    </p>

    <p class='ocr_par' dir='ltr' id='par_1_6' title="bbox 225 2911 974 2994">
     <span class='ocr_line' id='line_1_25' title="bbox 225 2911 974 2994; baseline 0.003 -20"><span class='ocrx_word' id='word_1_161' title='bbox 225 2911 355 2974; x_wconf 80' lang='lat' dir='ltr'><strong>atrivit</strong></span> <span class='ocrx_word' id='word_1_162' title='bbox 369 2914 472 2975; x_wconf 92' lang='lat' dir='ltr'><strong>totum</strong></span> <span class='ocrx_word' id='word_1_163' title='bbox 485 2932 563 2994; x_wconf 79' lang='lat' dir='ltr'><strong>quoe</strong></span> <span class='ocrx_word' id='word_1_164' title='bbox 575 2911 675 2994; x_wconf 82' lang='lat' dir='ltr'><strong>glorio</strong></span> <span class='ocrx_word' id='word_1_165' title='bbox 687 2911 844 2993; x_wconf 77' lang='lat' dir='ltr'><strong>compleat</strong></span> <span class='ocrx_word' id='word_1_166' title='bbox 856 2911 974 2990; x_wconf 80' lang='lat' dir='ltr'><strong>orbern.</strong></span> 
     </span>
    </p>

    <p class='ocr_par' dir='ltr' id='par_1_7' title="bbox 226 2996 990 3097">
     <span class='ocr_line' id='line_1_26' title="bbox 226 2996 990 3097; baseline -0.003 -25"><span class='ocrx_word' id='word_1_167' title='bbox 226 3009 315 3072; x_wconf 87' lang='lat' dir='ltr'><strong>Heeo</strong></span> <span class='ocrx_word' id='word_1_168' title='bbox 329 3007 379 3097; x_wconf 84' lang='lat' dir='ltr'><strong>illi</strong></span> <span class='ocrx_word' id='word_1_169' title='bbox 390 3028 535 3073; x_wconf 84' lang='lat' dir='ltr'><strong>mensure</strong></span> <span class='ocrx_word' id='word_1_170' title='bbox 549 3009 613 3072; x_wconf 85' lang='lat' dir='ltr'><strong>viro</strong></span> <span class='ocrx_word' id='word_1_171' title='bbox 628 2996 806 3091; x_wconf 80' lang='lat' dir='ltr'><strong>respondet,</strong></span> <span class='ocrx_word' id='word_1_172' title='bbox 822 3010 855 3071; x_wconf 90' lang='lat' dir='ltr'><strong>et</strong></span> <span class='ocrx_word' id='word_1_173' title='bbox 868 3008 929 3072; x_wconf 82' lang='lat' dir='ltr'><strong>hec</strong></span> <span class='ocrx_word' id='word_1_174' title='bbox 941 3012 990 3072; x_wconf 89' lang='lat' dir='ltr'><strong>est</strong></span> 
     </span>
    </p>

    <p class='ocr_par' dir='ltr' id='par_1_8' title="bbox 225 3099 1318 3284">
     <span class='ocr_line' id='line_1_27' title="bbox 225 3099 945 3189; baseline -0.001 -20"><span class='ocrx_word' id='word_1_175' title='bbox 225 3125 284 3188; x_wconf 86' lang='lat' dir='ltr'><strong>per</strong></span> <span class='ocrx_word' id='word_1_176' title='bbox 297 3105 357 3178; x_wconf 84' lang='lat' dir='ltr'><strong>sibi</strong></span> <span class='ocrx_word' id='word_1_177' title='bbox 371 3105 492 3168; x_wconf 87' lang='lat' dir='ltr'><strong>Pelides</strong></span> <span class='ocrx_word' id='word_1_178' title='bbox 504 3125 561 3168; x_wconf 89' lang='lat' dir='ltr'><strong>neo</strong></span> <span class='ocrx_word' id='word_1_179' title='bbox 572 3105 679 3172; x_wconf 81' lang='lat' dir='ltr'><strong>iuenia</strong></span> <span class='ocrx_word' id='word_1_180' title='bbox 693 3099 825 3168; x_wconf 75' lang='lat' dir='ltr'><strong>Terlere</strong></span> <span class='ocrx_word' id='word_1_181' title='bbox 838 3105 945 3189; x_wconf 83' lang='lat' dir='ltr'><strong>sentit.</strong></span> 
     </span>
     <span class='ocr_line' id='line_1_28' title="bbox 308 3201 1318 3284; baseline 0.002 -20"><span class='ocrx_word' id='word_1_182' title='bbox 308 3202 381 3284; x_wconf 87' lang='lat' dir='ltr'><strong>Ipse</strong></span> <span class='ocrx_word' id='word_1_183' title='bbox 394 3201 500 3276; x_wconf 81' lang='lat' dir='ltr'><strong>etiem,</strong></span> <span class='ocrx_word' id='word_1_184' title='bbox 515 3207 562 3278; x_wconf 86' lang='lat' dir='ltr'><strong>ut,</strong></span> <span class='ocrx_word' id='word_1_185' title='bbox 577 3201 668 3266; x_wconf 86' lang='lat' dir='ltr'><strong>cuius</strong></span> <span class='ocrx_word' id='word_1_186' title='bbox 679 3202 790 3276; x_wconf 79' lang='lat' dir='ltr'><strong>fuerit,</strong></span> <span class='ocrx_word' id='word_1_187' title='bbox 806 3221 992 3283; x_wconf 82' lang='lat' dir='ltr'><strong>cognoscere</strong></span> <span class='ocrx_word' id='word_1_188' title='bbox 1004 3201 1115 3284; x_wconf 78' lang='lat' dir='ltr'><strong>possis,</strong></span> <span class='ocrx_word' id='word_1_189' title='bbox 1259 3206 1318 3267; x_wconf 80' lang='lat'><strong>620</strong></span> 
     </span>
    </p>

    <p class='ocr_par' dir='ltr' id='par_1_9' title="bbox 226 3297 1064 3380">
     <span class='ocr_line' id='line_1_29' title="bbox 226 3297 1064 3380; baseline 0.001 -18"><span class='ocrx_word' id='word_1_190' title='bbox 226 3298 309 3362; x_wconf 86' lang='lat' dir='ltr'><strong>belle</strong></span> <span class='ocrx_word' id='word_1_191' title='bbox 323 3302 429 3362; x_wconf 82' lang='lat' dir='ltr'><strong>moret</strong></span> <span class='ocrx_word' id='word_1_192' title='bbox 442 3299 568 3380; x_wconf 85' lang='lat' dir='ltr'><strong>clipeus,</strong></span> <span class='ocrx_word' id='word_1_193' title='bbox 580 3300 681 3380; x_wconf 88' lang='lat' dir='ltr'><strong>deque</strong></span> <span class='ocrx_word' id='word_1_194' title='bbox 694 3297 790 3361; x_wconf 76' lang='lat' dir='ltr'><strong>ermis</strong></span> <span class='ocrx_word' id='word_1_195' title='bbox 803 3318 892 3362; x_wconf 85' lang='lat' dir='ltr'><strong>ermu</strong></span> <span class='ocrx_word' id='word_1_196' title='bbox 904 3299 1064 3364; x_wconf 75' lang='lat' dir='ltr'><strong>teruntur.</strong></span> 
     </span>
    </p>

    <p class='ocr_par' dir='ltr' id='par_1_10' title="bbox 226 3389 966 3478">
     <span class='ocr_line' id='line_1_30' title="bbox 226 3389 966 3478; baseline 0 -19"><span class='ocrx_word' id='word_1_197' title='bbox 226 3396 260 3460; x_wconf 89' lang='lat' dir='ltr'>N</span> <span class='ocrx_word' id='word_1_198' title='bbox 261 3410 303 3459; x_wconf 89' lang='lat' dir='ltr'><strong>ou</strong></span> <span class='ocrx_word' id='word_1_199' title='bbox 317 3415 354 3459; x_wconf 86' lang='lat' dir='ltr'><strong>eo</strong></span> <span class='ocrx_word' id='word_1_200' title='bbox 368 3394 514 3478; x_wconf 78' lang='lat' dir='ltr'><strong>Tydides,</strong></span> <span class='ocrx_word' id='word_1_201' title='bbox 530 3415 593 3459; x_wconf 91' lang='lat' dir='ltr'><strong>non</strong></span> <span class='ocrx_word' id='word_1_202' title='bbox 606 3397 703 3460; x_wconf 83' lang='lat' dir='ltr'><strong>sudet</strong></span> <span class='ocrx_word' id='word_1_203' title='bbox 717 3395 822 3459; x_wconf 84' lang='lat' dir='ltr'><strong>Oileos</strong></span> <span class='ocrx_word' id='word_1_204' title='bbox 837 3396 929 3472; x_wconf 80' lang='lat' dir='ltr'><strong>Aiax,</strong></span> <span class='ocrx_word' id='word_1_205' title='bbox 963 3389 966 3400; x_wconf 81' lang='lat'>&#39;</span> 
     </span>
    </p>

    <p class='ocr_par' dir='ltr' id='par_1_11' title="bbox 227 3492 988 3568">
     <span class='ocr_line' id='line_1_31' title="bbox 227 3492 988 3568; baseline 0.003 -12"><span class='ocrx_word' id='word_1_206' title='bbox 227 3513 293 3556; x_wconf 89' lang='lat' dir='ltr'><strong>non</strong></span> <span class='ocrx_word' id='word_1_207' title='bbox 308 3492 414 3567; x_wconf 85' lang='lat' dir='ltr'><strong>minor</strong></span> <span class='ocrx_word' id='word_1_208' title='bbox 426 3492 563 3568; x_wconf 76' lang='lat' dir='ltr'><strong>Atrides,</strong></span> <span class='ocrx_word' id='word_1_209' title='bbox 578 3513 643 3558; x_wconf 91' lang='lat' dir='ltr'><strong>non</strong></span> <span class='ocrx_word' id='word_1_210' title='bbox 658 3493 738 3556; x_wconf 90' lang='lat' dir='ltr'><strong>bello</strong></span> <span class='ocrx_word' id='word_1_211' title='bbox 752 3493 853 3558; x_wconf 85' lang='lat' dir='ltr'><strong>meior</strong></span> <span class='ocrx_word' id='word_1_212' title='bbox 867 3498 901 3557; x_wconf 91' lang='lat' dir='ltr'><strong>et</strong></span> <span class='ocrx_word' id='word_1_213' title='bbox 913 3513 988 3558; x_wconf 79' lang='lat' dir='ltr'><strong>nero</strong></span> 
     </span>
    </p>

    <p class='ocr_par' dir='ltr' id='par_1_12' title="bbox 226 3587 924 3674">
     <span class='ocr_line' id='line_1_32' title="bbox 226 3587 924 3674; baseline 0 -20"><span class='ocrx_word' id='word_1_214' title='bbox 226 3587 366 3674; x_wconf 74' lang='lat' dir='ltr'><strong>poscere,</strong></span> <span class='ocrx_word' id='word_1_215' title='bbox 383 3610 448 3653; x_wconf 91' lang='lat' dir='ltr'><strong>non</strong></span> <span class='ocrx_word' id='word_1_216' title='bbox 461 3590 529 3654; x_wconf 88' lang='lat' dir='ltr'><strong>olii:</strong></span> <span class='ocrx_word' id='word_1_217' title='bbox 550 3591 622 3654; x_wconf 88' lang='lat' dir='ltr'><strong>solis</strong></span> <span class='ocrx_word' id='word_1_218' title='bbox 636 3591 806 3654; x_wconf 77' lang='lat' dir='ltr'><strong>Telamone</strong></span> <span class='ocrx_word' id='word_1_219' title='bbox 820 3595 924 3654; x_wconf 87' lang='lat' dir='ltr'><strong>creuto</strong></span> 
     </span>
    </p>

    <p class='ocr_par' dir='ltr' id='par_1_13' title="bbox 227 3687 1317 3867">
     <span class='ocr_line' id='line_1_33' title="bbox 227 3687 1317 3770; baseline 0.002 -18"><span class='ocrx_word' id='word_1_220' title='bbox 227 3689 406 3770; x_wconf 73' lang='lat' dir='ltr'><strong>Laerteque</strong></span> <span class='ocrx_word' id='word_1_221' title='bbox 419 3687 484 3751; x_wconf 78' lang='lat' dir='ltr'><strong>ruit</strong></span> <span class='ocrx_word' id='word_1_222' title='bbox 498 3691 601 3752; x_wconf 66' lang='lat' dir='ltr'><strong>unua</strong></span> <span class='ocrx_word' id='word_1_223' title='bbox 614 3687 731 3752; x_wconf 86' lang='lat' dir='ltr'><strong>fiducie</strong></span> <span class='ocrx_word' id='word_1_224' title='bbox 744 3688 858 3752; x_wconf 84' lang='lat' dir='ltr'><strong>leudis.</strong></span> <span class='ocrx_word' id='word_1_225' title='bbox 1259 3693 1317 3754; x_wconf 75' lang='lat'><strong>625</strong></span> 
     </span>
     <span class='ocr_line' id='line_1_34' title="bbox 307 3785 1060 3867; baseline 0 -18"><span class='ocrx_word' id='word_1_226' title='bbox 307 3785 339 3849; x_wconf 81' lang='lat' dir='ltr'>A</span> <span class='ocrx_word' id='word_1_227' title='bbox 353 3805 386 3850; x_wconf 89' lang='lat' dir='ltr'><strong>se</strong></span> <span class='ocrx_word' id='word_1_228' title='bbox 400 3785 580 3850; x_wconf 67' lang='lat' dir='ltr'><strong>Tantalides</strong></span> <span class='ocrx_word' id='word_1_229' title='bbox 592 3806 672 3851; x_wconf 86' lang='lat' dir='ltr'><strong>onus</strong></span> <span class='ocrx_word' id='word_1_230' title='bbox 685 3785 902 3867; x_wconf 76' lang='lat' dir='ltr'><strong>invidiamque</strong></span> <span class='ocrx_word' id='word_1_231' title='bbox 915 3786 1060 3861; x_wconf 83' lang='lat' dir='ltr'><strong>removit,</strong></span> 
     </span>
    </p>

    <p class='ocr_par' dir='ltr' id='par_1_14' title="bbox 227 3884 983 3968">
     <span class='ocr_line' id='line_1_35' title="bbox 227 3884 983 3968; baseline 0 -20"><span class='ocrx_word' id='word_1_232' title='bbox 227 3884 454 3968; x_wconf 85' lang='lat' dir='ltr'><strong>Argolicosque</strong></span> <span class='ocrx_word' id='word_1_233' title='bbox 468 3885 560 3948; x_wconf 87' lang='lat' dir='ltr'><strong>duces</strong></span> <span class='ocrx_word' id='word_1_234' title='bbox 572 3884 685 3948; x_wconf 89' lang='lat' dir='ltr'><strong>mediis</strong></span> <span class='ocrx_word' id='word_1_235' title='bbox 699 3884 858 3949; x_wconf 81' lang='lat' dir='ltr'><strong>considers</strong></span> <span class='ocrx_word' id='word_1_236' title='bbox 872 3884 983 3948; x_wconf 81' lang='lat' dir='ltr'><strong>cestris</strong></span> 
     </span>
    </p>

    <p class='ocr_par' dir='ltr' id='par_1_15' title="bbox 227 3980 953 4059">
     <span class='ocr_line' id='line_1_36' title="bbox 227 3980 953 4059; baseline 0.004 -13"><span class='ocrx_word' id='word_1_237' title='bbox 227 3980 331 4059; x_wconf 88' lang='lat' dir='ltr'><strong>iussit,</strong></span> <span class='ocrx_word' id='word_1_238' title='bbox 347 3984 381 4046; x_wconf 89' lang='lat' dir='ltr'><strong>et</strong></span> <span class='ocrx_word' id='word_1_239' title='bbox 393 3980 558 4047; x_wconf 77' lang='lat' dir='ltr'><strong>arbitrium</strong></span> <span class='ocrx_word' id='word_1_240' title='bbox 571 3981 637 4047; x_wconf 87' lang='lat' dir='ltr'><strong>litis</strong></span> <span class='ocrx_word' id='word_1_241' title='bbox 651 3981 774 4048; x_wconf 82' lang='lat' dir='ltr'><strong>traiecit</strong></span> <span class='ocrx_word' id='word_1_242' title='bbox 787 3983 822 4047; x_wconf 87' lang='lat' dir='ltr'><strong>in</strong></span> <span class='ocrx_word' id='word_1_243' title='bbox 836 4001 953 4049; x_wconf 90' lang='lat' dir='ltr'><strong>omnes.</strong></span> 
     </span>
    </p>
   </div>
   <div class='ocr_carea' id='block_1_6' title="bbox 0 0 1669 4462">
    <p class='ocr_par' dir='ltr' id='par_1_16' title="bbox 0 0 1669 4462">
     <span class='ocr_line' id='line_1_37' title="bbox 0 0 1669 4462; baseline 0 0"><span class='ocrx_word' id='word_1_244' title='bbox 0 0 1669 4462; x_wconf 95' lang='lat' dir='ltr'><strong> </strong></span> 
     </span>
    </p>
   </div>
  </div>
 </body>
</html>
