3322 4462
218 231 259 302 52
417 237 447 285 Ρ.
472 236 587 285 0v11>11
608 236 760 286 lusurus
782 236 941 285 (suumn
962 237 1118 286 sunnon.

227 386 340 452 Tristis
353 385 434 452 nbis:
455 387 555 452 oeulis
567 389 737 452 abeuntem
750 408 919 474 persequor
931 389 1013 468 udis,
1278 387 1317 456 55

265 488 298 548 ei
309 485 393 549 dixit
405 485 498 550 tenui
512 505 676 550 murmure
689 487 813 568 lingue:
835 487 966 552 ‘Vuiei’

226 584 275 649 ut
286 583 426 667 positum
438 583 536 667 tetigi?
546 585 686 648 thelame
700 587 781 649 mule
795 585 899 650 suneie
910 587 1039 663 leuium,

263 686 334 746 notu
347 687 394 747 est
406 702 464 766 per
476 675 621 758 leerimee
635 703 699 747 nox
713 683 803 760 mihi,
820 687 937 768 quantu
948 684 1024 750 ruiu

225 779 311 844 Ante
324 781 430 855 oeulos
443 781 590 864 tuerique
603 801 689 844 meos
703 784 881 865 segetesque
893 782 1058 858 nefandae,

265 881 338 941 ente
352 897 436 942 meos
450 879 556 942 oeulos
569 878 704 960 pervigil
717 879 830 962 unguis
843 881 919 943 sunu
1276 886 1315 945 60

225 973 311 1038 Hine
324 996 421 1053 emor,
436 975 514 1040 hine
529 976 693 1040 timerent.
737 977 848 1060 Ipsum
860 976 955 1041 timor
967 981 1061 1060 augei
1074 998 1224 1043 umorem.

265 1072 359 1136 Mune
371 1077 448 1149 eret,
465 1075 499 1138 ei
513 1073 652 1137 thelame
665 1093 738 1137 cure
750 1077 875 1156 reseptn
888 1095 983 1138 soror.

225 1169 457 1254 Disiectamque
470 1191 576 1235 eomes
588 1173 779 1255 udrersuqne
792 1172 827 1236 in
840 1193 895 1236 ors
907 1171 1061 1237 iuuentem

262 1267 395 1346 invenit,
411 1272 444 1334 ei
457 1269 596 1334 lacrimis
609 1270 718 1336 omniu
730 1271 825 1353 plenu
837 1270 922 1334 meis

225 1364 303 1430 Oret
314 1385 407 1456 spem
421 1367 550 1450 Minyis.
594 1367 1084 1434 Petiteltereaiulterhebebit:
1276 1375 1315 1435 65

262 1464 398 1530 Aesonio
411 1465 531 1543 iuveni,
547 1466 632 1549 quod
646 1469 737 1548 roget
750 1466 816 1543 illu,
832 1467 953 1532 dumus.

224 1562 284 1625 Est
295 1583 407 1626 nemus
419 1567 453 1627 et
466 1564 563 1647 piceis
576 1567 609 1628 et
621 1564 791 1627 frondibus
804 1564 884 1628 ilioie
896 1568 1011 1640 etrum,

264 1659 315 1722 uix
329 1659 405 1723 illue
418 1660 516 1723 rediie
529 1660 603 1723 selis
616 1659 801 1724 edirelieei.

224 1755 308 1820 Sunt
320 1757 355 1820 in
368 1777 404 1821 eo
416 1793 459 1805 —
471 1758 601 1821 fuerunt
615 1761 699 1821 cerie
712 1795 754 1807 -
766 1759 896 1822 delubra
909 1757 1042 1822 Dianae:

263 1872 357 1917 nureu
368 1853 778 1918 burburieestutdeefuetu
790 1875 896 1918 mune.
1277 1862 1314 1924 70

223 1949 335 2015 Noseis
348 1972 390 2015 an
402 1952 590 2016 exciderunt
603 1972 729 2036 meeum
742 1954 835 2016 locu?
875 1953 1028 2017 Venimus
1040 1954 1133 2018 illuee

263 2069 350 2130 ersus
362 2069 395 2112 es
407 2049 509 2113 infido
522 2049 567 2114 sie
579 2049 668 2134 prior
681 2071 734 2114 ore
747 2050 849 2133 loqui:

225 2145 301 2209 ‘Ius
314 2147 372 2210 tibi
385 2150 419 2210 ei
431 2147 601 2211 arbitrium
614 2152 740 2212 nestrae
752 2149 884 2212 fortune
896 2149 1006 2212 salutis

263 2243 405 2322 tradidit,
421 2245 519 2327 inque
532 2249 589 2308 iun
602 2248 651 2308 est
665 2245 791 2328 rituque
804 2239 947 2328 morsque
960 2267 1067 2311 manu.

224 2341 356 2405 Perdere
368 2362 457 2424 posse
471 2346 590 2419 estest,
607 2342 729 2426 siquem
744 2341 912 2426 iuvuiipee
923 2346 1074 2426 potestus:
1277 2350 1314 2413 75

262 2439 316 2504 sed
330 2439 389 2503 tibi
402 2443 543 2504 servatus
556 2440 658 2522 gloria
670 2440 771 2504 mnior
784 2453 847 2504 ero.

223 2529 284 2599 Per
296 2536 379 2599 muln
392 2527 499 2600 noeirs
512 2557 632 2618 preeor,
650 2557 785 2619 quorum
799 2539 888 2619 potes
899 2557 964 2600 esse
975 2537 1130 2614 levamen,

261 2652 318 2715 per
330 2653 431 2714 genus
443 2637 477 2696 ei
491 2653 611 2696 numen
624 2637 741 2697 ennete
758 2634 892 2697 ridentis
904 2634 965 2710 ari,

221 2750 279 2813 per
291 2731 425 2813 triplicis
438 2731 547 2794 vultus
560 2751 735 2814 arcanaque
748 2751 835 2794 sacru
848 2730 966 2794 Dinuue

262 2830 295 2890 ei
307 2828 334 2891 si
348 2829 430 2892 forte
444 2827 566 2912 aliquos
579 2849 659 2911 gens
672 2827 768 2892 hebet
780 2827 842 2890 istu
854 2829 940 2891 deos:

222 2946 242 2989 ο
256 2925 354 3006 virge,
370 2925 516 2989 miserere
530 2925 603 3001 mei,
619 2925 767 2989 miserere
780 2945 936 2988 meorum:

262 3025 349 3086 effiee
362 3043 412 3087 me
425 3024 548 3086 meritis
563 3026 688 3109 tempus
700 3023 737 3086 in
750 3043 844 3086 omne
856 3026 963 3087 tuumr

224 3119 340 3197 Quodsi
354 3120 438 3183 forte
452 3119 556 3183 virum
570 3139 636 3182 uon
650 3119 822 3200 dedignere
835 3119 1009 3201 Peinsgum‚
1024 3155 1066 3168 -—

262 3218 316 3280 wd
329 3217 409 3280 mihi
423 3221 492 3280 tum
504 3216 614 3280 iaeiies
627 3217 714 3279 unde
727 3236 873 3298 meosque
885 3216 981 3280 deos?
992 3253 1035 3266 -

223 3313 353 3397 spiritus
365 3316 439 3387 ente
454 3333 543 3376 meus
556 3325 668 3376 tenues
681 3316 828 3376 veneseni
841 3313 875 3375 in
888 3333 987 3388 nurus,

263 3430 358 3493 quum
371 3409 522 3486 thelame,
539 3409 600 3472 nisi
615 3414 662 3486 iu,
680 3411 782 3492 nuptu
794 3409 837 3472 sii
849 3409 914 3472 ullu
925 3429 1010 3472 meo:

222 3507 346 3571 conscie
358 3506 401 3571 sii
414 3508 509 3582 Iuno,
526 3507 621 3570 sacris
634 3508 794 3589 praefecte
806 3507 936 3582 maritis,

263 3609 296 3668 et
309 3606 378 3681 deu,
394 3607 570 3668 marmoree
582 3606 673 3668 euius
687 3605 722 3668 in
735 3606 811 3668 uede
825 3605 966 3668 sumusl’

223 3704 310 3767 Huee
323 3704 467 3767 animum
480 3741 522 3752 -
535 3707 569 3765 ei
582 3705 679 3786 quotu
692 3723 765 3785 pers
777 3703 854 3766 heee
867 3705 966 3766 sunt?
977 3740 1018 3751 -
1033 3723 1156 3768 movere
1170 3704 1294 3786 puellae

262 3801 422 3884 simplicis,
439 3800 880 3870 etuextraedexneraiuncu
892 3820 986 3864 meae.
1275 3805 1314 3878 ⁰9

223 3899 299 3963 Vidi
313 3899 408 3964 etium
422 3900 582 3975 leerimee3
603 3919 645 3962 eu
658 3919 732 3982 pers
745 3903 792 3964 eei
805 3898 925 3964 ireudie
939 3899 972 3962 in
986 3899 1073 3962 illis?

264 3997 317 4062 sio
330 3997 393 4062 cito
406 3989 478 4062 sum
492 3996 596 4061 verbis
609 3999 702 4078 cepta
715 3997 823 4080 puelle
836 3997 907 4060 iuis.
