3322 4462
226 221 271 287 60
418 243 446 290 P.
471 231 758 318 orrnnpnesorrre
778 245 941 294 orsurus
962 247 1118 309 sunnone.

224 395 350 476 Raptus
361 413 393 458 es
406 393 535 458 invidie.
579 394 656 458 Nou
670 398 705 458 tu
720 397 787 460 feru
800 395 881 460 bella
894 397 1056 462 movebasr

263 493 410 577 garrulus
423 495 456 556 et
468 492 609 576 placidae
622 493 709 576 pacis
722 481 842 558 amator
855 514 934 560 erae.

224 592 318 667 Ecce,
335 590 509 654 coturnices
523 591 606 654 inter
619 610 677 654 sua
689 592 808 675 proelia
820 592 944 670 vivunt,

264 691 398 756 forsitan
412 695 444 755 et
457 692 536 754 fient
548 691 623 755 inde
636 692 817 774 frequenter
829 713 919 756 anus.

224 789 344 853 Plenus
357 809 424 853 eras
437 789 580 866 minimo,
597 809 656 852 nec
670 809 744 873 praa
758 791 908 854 sermonis
921 790 1029 854 amore

264 887 301 950 iu
313 887 431 950 multos
444 894 568 970 poteras
581 907 636 950 ora
649 907 757 950 vacare
770 887 864 951 cibos.

224 984 304 1048 Nux
317 987 385 1047 eret
397 1004 466 1048 esce
479 984 538 1048 tibi
552 1003 723 1067 causaeque
735 997 890 1067 papavera
903 985 1019 1061 somni,

264 1082 463 1165 pellebatque
476 1081 562 1144 sitim
576 1081 728 1164 simplicis
740 1081 855 1145 humor
868 1102 977 1164 aquae.

224 1179 318 1243 Vivit
331 1179 410 1242 edax
422 1179 541 1255 vultur,
557 1179 737 1263 ducensque
749 1199 807 1262 per
819 1185 893 1244 aera
905 1199 998 1261 gyros

265 1277 395 1353 miluus,
411 1280 443 1341 et
455 1277 581 1360 pluviae
594 1276 742 1360 graculus
754 1280 865 1340 auctor
877 1297 985 1359 aquae.

224 1374 316 1439 Vivit
330 1378 364 1438 ot
376 1375 541 1439 armiferae
554 1375 666 1438 cornix
679 1375 781 1440 invise
794 1375 966 1450 Minervae,

265 1471 322 1536 illa
335 1471 462 1556 quidem
476 1473 583 1537 saeclis
596 1473 652 1537 rix
663 1473 818 1537 moritura
830 1493 954 1537 novem.

226 1569 353 1635 Occidit
365 1570 419 1634 ille
431 1571 556 1654 loquax,
572 1570 731 1634 humanae
744 1571 827 1634 vocis
839 1571 955 1653 imago,

266 1667 429 1751 psittacus,
445 1672 585 1732 extremo
598 1688 716 1731 munus
729 1667 768 1737 uh
782 1668 855 1731 orbe
869 1669 990 1730 datum.

226 1763 359 1846 Optima
370 1765 473 1848 primu
485 1765 552 1828 fere
565 1765 713 1828 manibus
726 1764 895 1848 rapiuntur
907 1765 1028 1842 avaris,

266 1862 440 1946 implentur
453 1863 594 1927 numeris
608 1862 763 1926 deteriora
775 1863 848 1928 suis

227 1959 346 2023 Tristis
359 1960 546 2043 Phylacidae
560 1960 720 2024 Thersites
732 1960 846 2024 lunera
859 1960 954 2024 vidit:

267 2057 392 2139 iamque
405 2053 495 2135 ciuis,
511 2058 591 2121 viris
603 2057 766 2134 iratribus,
782 2057 902 2134 Hector
914 2061 992 2121 erut

228 2155 314 2243 Quid
327 2156 462 2220 reseram
475 2156 605 2220 timidae
618 2158 723 2239 prote
736 2155 789 2239 pia
802 2160 875 2220 vota
886 2155 1026 2239 puellae:

268 2257 342 2317 vota
353 2254 524 2337 procelloso
536 2274 594 2336 per
606 2267 693 2317 mere
706 2258 797 2337 rapta
809 2255 909 2318 noto?

229 2349 370 2433 Septima
382 2351 439 2413 lux
451 2352 570 2427 aderat,
586 2370 653 2414 non
667 2350 846 2413 exhibitura
859 2353 1053 2433 sequentem,

268 2451 301 2511 et
314 2449 417 2512 sabat
429 2469 527 2512 vacuo
540 2447 604 2512 iarn
617 2447 678 2510 tibi
692 2448 790 2510 Parca
801 2448 879 2511 colo.

228 2543 298 2608 Nee
311 2547 417 2609 tamen
430 2545 544 2627 ignavo
556 2548 751 2627 stupuerunt
763 2545 857 2608 rerba
869 2545 987 2627 palato,

268 2642 415 2706 clamavit
428 2642 564 2706 moriens
576 2641 687 2723 lingua
702 2641 871 2718 ‘Corinna
886 2641 990 2705 valel’

229 2727 317 2802 'colle
331 2739 389 2803 sub
403 2739 509 2820 Elysio
522 2739 613 2820 nigra
625 2758 738 2802 nemus
751 2737 821 2801 ilice
834 2729 975 2813 frondet,

269 2835 394 2919 udaque
406 2839 558 2918 perpetuo
571 2835 715 2918 gramine
727 2837 811 2899 teria
823 2834 914 2898 viret.

229 2932 327 3016 Siqua
340 2934 417 2996 fides
430 2932 545 3020 dubiis,
561 2932 727 2996 volucrum
740 2933 827 2996 locus
840 2931 894 2996 ille
908 2931 1035 3013 piarum

268 3030 399 3107 dicitur,
414 3031 563 3094 obscenae
577 3050 641 3112 quo
654 3029 863 3113 prohibentur
875 3049 957 3107 aves.

228 3126 302 3190 Illic
314 3126 443 3206 innocui
456 3127 520 3191 late
532 3129 707 3210 pascuntur
720 3127 832 3190 olores:

268 3227 302 3287 et
315 3224 407 3287 vivax
418 3224 567 3307 phoenix,
584 3224 679 3287 unica
692 3243 813 3306 semper
825 3223 900 3305 avis.

228 3318 379 3401 Explicat
392 3320 459 3402 ipso
472 3341 543 3384 suas
555 3320 620 3383 ales
633 3320 770 3384 Iunonia
782 3339 916 3402 pennas:

269 3417 375 3479 oscula
388 3417 443 3480 det
456 3417 570 3500 cupido
585 3417 701 3480 blanda
714 3417 857 3480 columba
871 3416 962 3480 mari.

228 3512 387 3579 Psittacus
399 3515 456 3579 has
468 3515 562 3591 iuter,
579 3514 732 3579 nemorali
746 3515 817 3578 wie
830 3517 984 3597 receptus,

267 3612 425 3675 convertit
438 3613 579 3676 volucres
592 3612 628 3675 iu
641 3632 698 3676 sua
711 3612 804 3676 uerba
815 3611 894 3695 pias.

228 3708 307 3773 Ossa
320 3710 401 3792 tegit
413 3710 566 3786 tumulus,
583 3710 728 3774 tumulus
740 3730 799 3794 pro
811 3728 940 3793 corpore
953 3728 1100 3791 magnus,

269 3828 332 3890 quo
346 3807 425 3891 lapis
438 3807 571 3891 exiguus
584 3827 642 3891 par
656 3808 715 3872 sibi
729 3828 854 3873 carmen
868 3807 978 3871 habet:

231 3904 391 3988 ‘Colligor
404 3926 442 3970 ex
455 3906 523 3989 ipso
537 3906 685 3970 dominae
698 3907 849 3990 placuisse
863 3906 1016 3988 sepulcro.

270 4002 335 4068 Ora
349 4004 438 4068 lucre
452 4004 532 4068 mihi
544 4004 618 4087 plus
631 4024 688 4068 ave
702 4005 795 4068 docto
806 4003 919 4088 loqui’
