3322 4462
821 231 939 279 mnae.

337 383 377 448 ad
390 402 494 467 rogem
506 382 624 448 duxero
639 381 761 460 Midan,
777 381 829 447 oui
843 380 998 447 Thracius
1012 381 1159 466 Orpheus

337 481 423 565 orgia
436 482 607 547 tradiderat
620 492 696 546 cum
701 479 860 564 liccropio
873 481 1043 564 Eumolpo.

396 580 476 657 'Qui
490 579 586 644 simul
598 579 730 661 agnovit
744 578 862 643 socium
876 579 1086 662 comitemque
1099 598 1268 654 sacrorum,

336 679 467 761 hospitis
479 679 619 742 adventu
632 679 751 742 festum
765 677 931 760 genialiter
944 679 1011 760 egit

337 776 451 859 perbis
464 775 603 858 quinque
617 775 685 839 dies
698 779 731 840 et
742 775 867 839 iunctas
880 776 992 839 ordine
1006 779 1123 839 noctes.

338 874 383 937 Et
394 874 456 937 iam
470 874 629 938 stellarum
646 873 780 938 sublime
795 876 940 956 oodgarat
952 893 1068 955 agmen

339 971 464 1035 Lucifer
475 971 673 1049 undecimus,
687 971 791 1053 Lydos
805 991 878 1042 cum
892 973 994 1035 laetus
1007 970 1043 1034 in
1056 990 1147 1054 agros

338 1088 394 1132 rex
405 1069 536 1146 renitet
550 1069 657 1133 iuveni
671 1068 814 1133 Silanum
828 1068 933 1133 reddit
946 1068 1088 1133 alumno.

416 1166 501 1230 Huic
514 1167 591 1229 deus
603 1166 736 1248 optandi
750 1170 888 1249 gratum,
905 1168 960 1230 sed
973 1166 1100 1243 inutile,
1114 1165 1193 1230 iecit

338 1263 475 1327 muueris
486 1262 664 1340 arbitrium,
680 1265 821 1346 gaudeus
833 1267 933 1328 ultore
946 1267 1082 1347 recepto.

339 1360 398 1426 illc
408 1362 488 1426 mala
501 1381 616 1426 usurus
628 1362 722 1426 donis
735 1363 780 1426 ait
796 1363 926 1439 ‘Effice
942 1362 1096 1446 quicquid

339 1478 462 1542 corpore
475 1459 636 1542 contigero
652 1460 781 1523 fulvum
793 1464 934 1524 vertam
948 1460 984 1523 iu
997 1459 1137 1524 aurum.’

339 1556 461 1621 Adnuit
474 1557 591 1639 optatis
602 1558 809 1640 nocituraque
826 1577 961 1622 munera
973 1558 1068 1622 solvit

340 1655 441 1731 Liber,
455 1658 489 1718 et
501 1654 651 1731 indoluit,
668 1657 753 1737 quod
767 1676 831 1720 non
845 1656 977 1720 meliora
989 1657 1131 1738 petisset.

416 1753 532 1817 Iactus
543 1752 611 1817 abit
623 1754 802 1836 gaudetque
815 1755 898 1818 malo
916 1753 1123 1835 Berecyntius
1134 1753 1227 1817 heros

339 1849 530 1934 pollicitique
544 1852 639 1915 iidem
652 1853 813 1935 tangendo
825 1852 952 1934 singula
965 1855 1114 1934 temptat

341 1949 463 2032 Vixque
476 1949 536 2012 sibi
549 1949 679 2025 credens
691 1970 758 2013 uon
769 1951 834 2014 alta
845 1951 960 2014 fronde
972 1950 1129 2013 urentem

342 2047 410 2111 ilice
421 2045 558 2110 detraxit
572 2046 708 2130 virgam:
730 2047 817 2129 virga
829 2067 924 2111 aurea
935 2047 1022 2111 iacta
1034 2050 1093 2111 est.

342 2144 439 2209 Tollit
450 2145 548 2208 humo
561 2163 686 2208 saxum:
708 2165 818 2209 saxum
831 2165 955 2229 quoque
967 2145 1084 2228 palluit
1097 2164 1184 2209 auro.

344 2241 482 2324 (loutigit
495 2245 528 2305 et
540 2241 697 2324 glaebam:
718 2245 866 2306 contactu
880 2244 990 2325 glaeba
1002 2242 1128 2324 potanti

343 2358 440 2402 mm
452 2339 500 2401 fit.
542 2337 677 2402 Arentes
692 2337 812 2402 (teucris
824 2339 980 2422 decerpsit
991 2339 1119 2428 aristas:

343 2455 434 2504 aurea
445 2435 553 2498 moade
565 2438 642 2498 erat.
687 2435 862 2518 Demptum
875 2441 965 2501 tenet
977 2437 1087 2500 arbore
1099 2455 1246 2518 pomum:

344 2532 530 2615 Hesperidas
542 2533 674 2596 donasse
687 2535 787 2614 putes.
831 2533 866 2596 Si
881 2534 1025 2616 postibus
1037 2533 1111 2597 altio

344 2629 480 2693 admovit
492 2628 619 2711 digitos,
635 2633 741 2710 postes
753 2630 874 2693 radiare
887 2630 1049 2693 ridentur.

343 2726 402 2790 Ille
413 2725 508 2789 ctiam
521 2725 653 2808 liquidis
665 2727 785 2808 palmas
800 2726 856 2789 ubi
869 2726 989 2790 laverat
1002 2726 1109 2804 undis,

344 2825 428 2887 unda
439 2823 539 2890 fluens
551 2823 666 2905 palmis
679 2823 812 2888 Danadu
826 2824 953 2888 eludere
965 2827 1079 2906 posset

343 2921 406 2985 Vix
417 2942 485 3005 spes
498 2921 564 3005 ipse
577 2942 648 2986 snas
661 2921 767 3002 auimo
780 2922 876 3004 capit,
891 2940 987 2986 aurea
1000 2923 1125 3004 fingens

343 3020 453 3083 omnia
498 3019 656 3094 Gaudenti
671 3038 794 3083 mensas
806 3038 937 3101 posuere
950 3019 1091 3084 ministri

343 3121 511 3181 entuctas
524 3117 658 3200 dapibus
671 3136 730 3180 uec
744 3119 842 3180 tostae
855 3116 959 3197 frugis
972 3121 1112 3197 egentes.

419 3215 503 3277 'lum
516 3235 599 3290 vero,
615 3214 680 3278 sive
693 3215 746 3276 illc
760 3233 816 3276 sua
830 3213 970 3278 Cerealia
983 3215 1095 3277 dextra

343 3331 471 3374 munera
483 3311 669 3393 contigerat,
687 3310 825 3374 (leraalia
837 3311 921 3375 dona
934 3311 1090 3392 rigebant,

344 3407 407 3472 sive
418 3409 513 3491 dapes
525 3409 617 3472 avido
630 3408 803 3472 convellere
816 3409 912 3472 dente
925 3409 1068 3491 parabat,

343 3507 492 3582 lammina
503 3506 593 3571 inira
605 3508 702 3589 dapes
713 3507 840 3570 admoto
854 3508 951 3570 deute
962 3507 1136 3589 promebat.

345 3604 510 3668 Miscuerat
523 3604 611 3688 puris
623 3607 784 3668 auctorem
798 3605 938 3668 muneris
952 3605 1063 3668 undis:
1372 3605 1432 3666 125

343 3702 434 3768 inula
446 3722 503 3786 per
516 3702 617 3778 rictus
628 3722 744 3766 aurum
758 3702 881 3765 fluitare
895 3701 1029 3767 videres.

419 3800 586 3865 Attonitus
598 3801 740 3865 novitate
759 3801 844 3877 mali,
860 3799 1010 3883 divosque
1024 3799 1191 3880 unserquc,

343 3899 476 3981 effugare
490 3902 580 3982 optat
593 3919 667 3982 opes
680 3903 723 3975 et,
739 3918 818 3981 quae
831 3899 925 3962 modo
939 3901 1078 3971 voverat,
1095 3896 1174 3960 odit.

345 3997 440 4081 Oopia
452 3997 542 4062 nulla
554 3998 674 4063 tamem
688 3997 818 4076 relavat3
840 3995 908 4060 sitis
922 3996 1011 4060 arida
1024 3998 1139 4077 guttur
