3322 4462
1092 1 1101 7 ,
1169 3 1583 10 -ffi—..—
1589 8 1599 10 ..
1614 8 1618 10 .

485 259 554 308 THE
575 258 724 309 OOKTBST
743 259 809 307 ROB
827 259 897 308 m
917 258 1008 308 Am
1029 258 1070 307 OF
1091 260 1269 310 sommus.
1374 262 1414 327 41

324 430 397 477 sum
409 413 502 477 tanto
515 429 684 477 sommum
696 409 774 476 viro.
818 411 998 496 Deprensus
1010 412 1118 477 Ulixis

323 510 574 594 ingeniotamen
587 510 653 589 ille,
669 514 783 575 utnon
795 509 901 576 Aiaois
913 511 1031 577 Ulixes.
1357 514 1417 575 305

406 610 513 674 ‘Neve
526 608 562 673 in
575 630 627 676 rna
640 608 772 674 stolidae
785 608 926 673 oonrioia
941 609 1074 674 tundere
1087 608 1217 691 linguae

323 707 517 772 admiremur
530 727 614 785 eum,
629 706 717 772 vobis
730 726 854 790 quoque
868 707 964 790 digna
976 708 1096 791 pudore

323 806 430 870 obiait.
474 806 528 868 'rin
541 807 623 870 falso
637 806 826 886 Palameden
840 805 971 870 erimine
986 810 1077 888 turpe

324 923 481 968 musaeus
494 903 587 980 mihi,
603 903 693 968 vobis
708 906 871 968 damnasse
886 905 1032 968 danorum
1046 904 1118 966 set?

325 1000 386 1065 Sed
400 1021 503 1083 neque
516 1001 712 1084 Naupliades
724 1001 849 1065 iaoinns
863 1001 1029 1065 ouonuere
1044 1003 1171 1063 tuntum

324 1101 454 1182 tamque
466 1100 578 1181 pateus
591 1099 703 1176 valuit,
719 1119 778 1176 neo
790 1118 846 1163 roe
858 1098 990 1171 audistis
1003 1099 1038 1162 in
1050 1098 1107 1162 illo

324 1196 471 1260 erimina:
493 1196 627 1272 vidistis,
640 1199 825 1280 praestoque
839 1197 960 1261 obieeta
971 1196 1132 1280 patebant.

406 1294 494 1359 ‘Neo
507 1295 721 1360 Poeantiaden
735 1295 820 1377 quod
833 1295 929 1360 habet
942 1295 1099 1360 Vulcania
1112 1295 1260 1375 lemnos,

323 1413 388 1458 esee
401 1413 473 1457 reue
485 1393 603 1458 merui:
623 1395 747 1458 tantum
765 1393 930 1470 defendite
941 1397 1091 1470 restrum,

323 1491 522 1556 eonsensistis
534 1492 632 1556 enim.
675 1492 744 1556 Neo
756 1512 808 1556 me
820 1492 951 1556 snasime
964 1491 1096 1574 negabo,

324 1591 362 1651 nt
374 1609 407 1653 se
420 1589 618 1653 subtraheret
631 1590 771 1673 bellique
785 1589 914 1672 uiaeque
926 1589 1024 1655 labori

324 1689 554 1770 temptaretque
567 1688 652 1750 ieros
665 1687 773 1770 requie
785 1687 886 1752 lenire
899 1687 1027 1752 dolores.

326 1784 436 1848 Paruit
450 1783 584 1848 atrivit.
628 1784 704 1849 Non
718 1785 794 1848 haee
807 1785 964 1849 sententia
976 1787 1104 1849 tanturn

324 1881 398 1957 fida,
413 1881 468 1946 sed
481 1884 514 1944 et
526 1881 616 1959 felir,
632 1902 706 1946 oum
720 1881 763 1946 sit
776 1882 851 1946 satie
864 1902 929 1947 ease
941 1883 1077 1947 fidelem.

325 1978 425 2055 Quem
439 1978 589 2061 qnoniam
602 1983 689 2043 vates
702 1979 838 2044 delenda
850 1981 891 2043 ad
905 1980 1056 2061 Pergam
1068 1981 1217 2061 possunt,

325 2065 365 2140 ns
377 2077 525 2141 mandate
538 2077 634 2141 mihi:
655 2077 769 2141 melius
782 2077 984 2141 Telamonius
995 2076 1056 2159 ibit

324 2174 509 2257 eloquioque
522 2174 628 2238 virum
641 2175 820 2258 morbisque
834 2175 942 2258 iraque
953 2176 1116 2239 furentem

325 2272 457 2348 molliet,
472 2276 529 2335 aut
542 2273 649 2355 aliqua
661 2274 815 2357 producet
829 2273 962 2338 callidus
974 2276 1051 2336 arte.

326 2369 412 2434 Ante
425 2371 510 2432 retro
524 2369 639 2434 Simois
652 2370 731 2434 fluet
743 2375 777 2433 et
789 2370 857 2434 eine
869 2371 1035 2434 frondibus
1048 2368 1107 2434 Ide

326 2467 423 2531 stabit
435 2471 469 2529 et
481 2467 636 2530 auxilium
649 2468 816 2550 promittet
830 2468 952 2532 Achaia
964 2466 1086 2542 Troiae,

326 2583 433 2647 qnam,
449 2568 587 2632 cessante
601 2585 672 2629 meo
685 2585 744 2649 pro
757 2566 868 2648 reatris
881 2569 1005 2648 pootora
1018 2564 1122 2640 rebus,

326 2660 432 2740 Aiacis
444 2661 551 2724 stolidi
565 2662 685 2726 Danais
698 2662 836 2726 sollertia
848 2662 958 2744 prosit.

327 2754 376 2820 Sis
388 2757 463 2820 lieet
476 2757 611 2838 infestus
624 2758 716 2821 soniis
729 2759 859 2841 regique
873 2758 1023 2841 mihique,

326 2854 405 2917 dure
418 2853 606 2931 Philoctete,
621 2855 698 2918 lieet
710 2867 867 2918 exeaorete
881 2875 1046 2938 meumque

325 2950 476 3015 devoveas
489 2950 556 3014 eine
569 2952 632 3016 fine
646 2955 743 3035 capnt
755 2951 924 3035 cupiasque
937 2951 1057 3016 dolenti

325 3067 376 3111 me
389 3048 448 3111 tibi
460 3048 544 3112 torte
557 3048 627 3111 dari
642 3052 848 3131 nostrumque
861 3047 987 3113 haurire
1000 3068 1160 3112 eruorem:

325 3149 358 3208 te
372 3151 477 3208 mmen
491 3146 667 3227 adgrediar,
684 3147 739 3210 fist
752 3145 812 3208 tibi
825 3145 916 3228 eopia
927 3145 1038 3221 nostri,

327 3244 453 3324 tamquo
465 3241 530 3304 tuis
542 3242 657 3324 potiar,
673 3244 778 3307 faveat
792 3243 945 3319 Fortuna,
961 3242 1094 3325 mgittie,

326 3358 420 3420 qnam
434 3358 504 3402 sum
519 3339 691 3416 Dardanio,
707 3359 801 3423 quem
815 3339 896 3422 oepi,
911 3343 982 3404 rate
995 3341 1128 3423 potitus,

326 3455 421 3517 quam
434 3455 583 3519 responsa
596 3438 691 3501 deum
706 3436 904 3520 Troianaque
916 3439 984 3502 lata
997 3437 1108 3514 retexi,

327 3555 420 3617 quam
434 3536 526 3618 rapui
540 3537 697 3620 Phrygiae
710 3537 837 3620 signnm
851 3539 1010 3621 penetrale
1024 3537 1187 3603 Minervae

325 3631 468 3697 hostibus
482 3654 499 3697 e
512 3635 634 3698 mediis.
680 3636 723 3699 ut
736 3655 768 3703 se
781 3635 862 3698 mihi
877 3636 1017 3700 mutarat
1030 3635 1137 3698 Max?

326 3729 449 3814 Nempe
463 3732 532 3814 oapi
547 3732 676 3799 Troiam
689 3733 899 3817 prohibebant
912 3734 979 3797 tata
991 3733 1058 3797 sine
1071 3733 1143 3797 illo:

325 3828 419 3892 tortis
431 3827 667 3895 ubisetAiax?
708 3832 772 3897 Ubi
786 3835 863 3895 aunt
876 3831 1017 3915 ingentia
1029 3831 1138 3913 magni
1360 3833 1420 3894 340

325 3927 419 3990 verba
431 3927 517 3992 riri?
559 3929 626 3997 (ior
639 3930 692 4008 hie
705 3926 845 3994 metuis?
865 3950 922 3994 our
934 3931 1030 3994 audet
1042 3929 1155 3994 Ulixes

325 4023 372 4088 ire
386 4044 442 4108 per
455 4026 601 4092 oxoubias
614 4032 648 4093 et
661 4045 692 4094 ee
706 4027 903 4092 oommittere
917 4028 1002 4092 noeti
