3322 4462
595 253 665 300 mu
685 250 906 300 emmanuet
926 249 1129 299 ornemur.
1367 251 1409 316 43

400 405 491 480 Motu
502 423 618 469 manue
630 421 798 486 procerum
811 405 867 479 eat,
882 404 915 466 et
927 401 1004 486 quid
1016 382 1167 466 facundia
1179 404 1294 484 porcat,

319 503 489 586 repatuit:
509 501 667 584 fortisque
676 501 737 566 viri
751 501 828 565 tulit
838 520 924 565 arum
935 499 1080 564 disertus.

320 602 460 666 Hectora
473 600 530 684 qui
543 600 640 678 solue,
657 600 712 682 qui
725 600 845 662 ferrum
857 598 1005 681 igneaque
1017 597 1186 680 lovemque

319 699 475 765 sustinuit
487 699 617 774 totiens,
634 717 733 761 unam
745 717 811 762 non
824 697 955 761 metiuet
968 696 1058 773 iram,
1350 699 1410 760 385

319 797 541 880 invictumque
554 796 662 860 virum
675 794 753 859 vicit
765 794 863 859 dulor.
903 793 1032 876 Adripit
1044 813 1150 858 ensem

320 897 353 959 et
369 894 480 972 ‘Meus
493 894 547 957 hic
560 895 645 957 certe
658 895 707 956 eet
721 891 777 975 (an
790 895 824 956 et
835 891 920 955 hunc
932 890 992 954 eibi
1004 890 1105 974 poecit
1118 889 1279 974 Ulixeal),

320 992 401 1056 hoc’
417 991 464 1056 ait
479 991 656 1055 ‘utendum
671 992 720 1053 eat
733 991 768 1053 in
781 1009 832 1055 me
844 989 938 1053 mihi:
958 989 1074 1072 quique
1087 1007 1197 1079 cruere

321 1110 411 1173 caepe
426 1089 592 1171 Phrygum
606 1088 741 1164 muduit,
754 1087 873 1152 domini
885 1106 971 1150 nunc
984 1088 1076 1150 caede
1089 1085 1240 1161 madebit,

321 1207 361 1250 ne
375 1186 545 1269 quiequam
558 1185 689 1249 Aiacem
702 1185 802 1267 poerit
814 1203 957 1268 superare
969 1183 1031 1247 nisi
1044 1183 1151 1247 Aiax)

401 1283 504 1361 Dixit,
520 1287 554 1347 et
566 1282 602 1347 in
615 1286 728 1376 pectus
740 1285 812 1346 tum
828 1283 955 1346 demum
967 1281 1098 1346 vulnera
1109 1300 1247 1364 puerum,

321 1402 383 1465 qna
396 1381 504 1464 patuit
516 1382 651 1458 ferrum,
666 1380 794 1445 letalem
807 1379 948 1444 condidit
960 1399 1075 1444 ensem.

320 1480 390 1544 Nec
403 1478 530 1542 valuere
543 1498 657 1542 manue
670 1478 806 1541 infixum
818 1478 946 1542 educere
960 1476 1073 1540 telum:

321 1576 445 1660 expulit
458 1577 526 1659 ipse
539 1596 647 1655 cruor3
669 1576 892 1659 rubefactaque
903 1574 1055 1657 aanguine
1069 1574 1163 1638 tellus

320 1695 520 1760 purpureum
534 1674 629 1738 viridi
643 1674 757 1756 genuit
769 1675 809 1738 dc
821 1674 954 1756 caespite
966 1673 1085 1751 florem,

322 1773 378 1856 qui
391 1772 480 1855 priua
495 1771 624 1837 Oebalio
638 1772 744 1834 fuerat
756 1772 798 1835 de
810 1772 937 1836 vulnere
950 1774 1053 1834 natus.

322 1871 445 1935 Littera
458 1869 636 1935 communie
649 1869 763 1934 mediis
774 1888 931 1953 pueroque
945 1868 1071 1950 viroque

321 1969 476 2052 inscripta
488 1971 537 2034 eet
548 1967 647 2045 loliis,
662 1967 740 2031 haec
752 1966 899 2044 neminie,
914 1966 969 2029 illa
982 1966 1135 2049 querelae.

463 2238 512 2309 Il.
539 2234 636 2298 THE
658 2231 971 2298 DEIFIOATION
996 2231 1057 2295 off
1083 2229 1272 2295 CAESAR.

712 2387 792 2459 um}
808 2411 864 2460 xv.
881 2397 1026 2461 746-860.

407 2555 519 2621 anear
532 2553 568 2621 in
581 2556 659 2620 urbe
673 2557 820 2619 suadem
833 2557 889 2631 eet,
905 2573 997 2636 quem
1009 2555 1111 2618 Marte
1123 2555 1259 2634 togaque

324 2653 532 2736 praecipuum
544 2672 612 2716 non
624 2652 707 2717 bellu
720 2652 820 2734 magis
832 2652 922 2714 finita
932 2649 1113 2734 triumphis,

323 2769 436 2832 raeque
447 2749 536 2814 domi
548 2752 654 2832 gestae
666 2752 891 2832 properataque
904 2747 1002 2830 gloria
1014 2766 1131 2823 rerum,

323 2846 359 2910 in
372 2845 460 2910 eidus
473 2849 594 2910 vertere
608 2865 727 2910 norum
742 2846 922 2926 stellamque
934 2846 1121 2919 comantem,

324 2963 419 3026 quam
432 2963 490 3007 aua
502 2942 677 3026 progenies.
721 2943 832 3025 Neque
844 2941 928 3006 euim
940 2941 980 3004 de
995 2939 1132 3004 (lacuaria
1145 2939 1223 3002 actia

324 3040 428 3104 ullum
441 3040 545 3104 maine
557 3059 647 3123 opus,
665 3047 760 3121 quam
774 3040 858 3122 qued
870 3040 958 3122 pater
971 3037 1093 3101 exstitit
1105 3036 1211 3100 huius.

325 3137 453 3201 Scilicet
465 3156 635 3219 aequoreos
647 3136 721 3218 plue
733 3139 781 3199 eet
794 3135 945 3199 domuisse
959 3134 1139 3210 Britannos,

324 3253 443 3317 perque
456 3233 630 3317 papyriferi
643 3233 828 3315 septemflua
839 3231 969 3294 flumina
982 3231 1050 3294 Nili

325 3331 469 3395 victrices
481 3330 580 3413 egicae
594 3319 690 3406 raud
702 3330 916 3411 Numidaeque
929 3329 1056 3392 rebelles

326 3428 584 3512 Cinyphiumque
604 3427 717 3490 Iubam
739 3426 1009 3508 Mithridateisque
1021 3428 1198 3506 tumentem

325 3525 509 3590 nominibus
523 3525 663 3599 Pontum
676 3527 795 3608 populo
807 3524 950 3588 adiecieee
964 3522 1099 3601 Quirini,

326 3627 359 3687 et
372 3624 490 3687 multoe
503 3623 664 3702 meruisse,
680 3622 801 3704 aliquos
813 3621 909 3703 egisse
921 3621 1108 3703 triumphos,

326 3740 421 3802 quum
435 3724 565 3784 tantum
579 3719 723 3803 genuisse
736 3719 864 3782 virum?
903 3718 971 3795 Quo
984 3718 1125 3801 praeside
1138 3737 1244 3782 rerum

325 3819 467 3890 humano
481 3818 601 3901 generi,
618 3816 743 3902 Superi,
758 3817 878 3882 tarietie
892 3816 1025 3881 abunde.

406 3917 457 3980 Nc
470 3918 555 3982 toret
568 3917 621 3980 hic
635 3917 734 3998 igitur
747 3916 871 3980 mortali
884 3914 1000 3979 semiue
1013 3917 1129 3990 cretus,

325 4015 380 4080 ille
393 4015 472 4081 dene
485 4014 652 4080 faciendus
665 4018 742 4080 eret.
786 4013 876 4091 Quod
888 4017 926 4077 ut
937 4014 1036 4076 aurea'
1044 4011 1125 4084 vidit
