3322 4462
648 236 811 284 trullus
832 236 909 288 ΔΗΒ
929 235 1063 283 ΤΗΙΒΒΕ.

317 388 484 471 Pyramus:
505 389 543 450 ut
554 404 626 452 vero
639 390 756 452 vestm
771 406 895 471 quoque
909 386 1065 469 sanguiue
1078 385 1213 450 tinctam

315 486 463 570 repperit,
481 485 573 550 ‘Una
584 486 682 550 duos’
697 485 805 570 inquit
820 485 903 550 ‘nox
916 485 1028 568 perdet
1041 487 1193 548 amantes.

317 581 346 648 Ε
360 585 475 668 quibus
487 583 542 647 illa
553 584 618 647 ruit
629 584 723 666 longa
736 583 922 667 dignissima
938 583 1012 659 vita,

315 687 424 746 nostra
436 701 549 746 nocens
561 680 666 745 anima
678 685 740 745 estt
760 701 819 763 ego
833 685 876 757 te,
891 680 1081 756 miseranda,
1097 677 1228 762 peremi,
1343 681 1402 742 110

316 779 352 842 in
365 780 434 843 loca
445 779 539 863 plena
550 781 652 842 metue
665 779 720 861 qui
734 778 810 842 iussi
823 782 917 842 nocte
929 777 1064 854 rennes,

316 896 376 941 nec
389 877 477 959 prior
487 876 550 940 huc
563 875 645 940 veni.
686 876 841 940 Nostrum
855 875 997 960 divellite
1010 895 1135 958 corpus,

316 977 349 1038 et
363 974 510 1038 scelerata
520 974 588 1037 iero
600 973 775 1036 consumite
787 973 906 1038 uiscera
917 993 1037 1050 morsu,

317 1091 336 1135 o
349 1072 539 1154 quicumque
551 1071 609 1134 sub
621 1071 680 1134 hac
692 1070 843 1134 habitetis
856 1090 947 1154 rupe,
962 1071 1078 1134 leones.

318 1168 378 1232 Sed
393 1168 498 1232 timidi
510 1171 556 1232 cst
568 1171 675 1250 optare
689 1168 824 1232 necem.’
874 1167 1044 1232 Velamina
1057 1167 1189 1231 Thisbes
1345 1168 1403 1228 115

317 1266 403 1330 tollit
416 1270 449 1330 et
460 1266 502 1329 sd
512 1269 620 1348 pactae
633 1285 736 1330 secum
751 1265 816 1330 tert
832 1266 951 1330 arboris
965 1267 1126 1343 umbram3

317 1369 417 1446 utque
429 1363 517 1428 dedit
528 1366 620 1427 notae
631 1363 785 1452 lacrimas,
801 1363 893 1426 dedit
904 1364 1012 1427 oscula
1024 1363 1115 1437 vesti,

320 1461 455 1543 ‘Accipe
467 1461 570 1524 nuno’
585 1460 690 1543 iuquit
705 1460 827 1524 ‘nostri
841 1479 968 1544 quoque
981 1460 1146 1543 sauguinis
1159 1459 1305 1524 haustus!
1317 1458 1326 1489 ’

319 1579 443 1642 quoque
455 1562 522 1622 erat
533 1558 702 1634 accinctus,
717 1558 846 1623 demisit
858 1558 894 1622 in
907 1558 963 1623 ilis
976 1559 1110 1634 terrum,

318 1677 377 1720 nec
390 1676 487 1732 mora,
501 1655 634 1720 ferventi
647 1656 959 1721 moriensevulnere
972 1655 1080 1720 traxit
1345 1657 1405 1718 120

397 1753 446 1818 Ut
457 1753 553 1818 iacuit
565 1753 739 1836 resupinus,
755 1753 856 1821 humo
869 1772 963 1818 cruor
976 1753 1093 1816 emicat
1104 1753 1180 1831 alte,
1377 1751 1386 1765 ⁸

319 1871 382 1915 non
397 1851 498 1928 aliter,
512 1852 604 1935 quam
619 1871 693 1915 cum
706 1850 818 1915 vitiato
837 1852 944 1915 fistula
957 1851 1090 1935 plumbo

320 1948 475 2012 scinditur
486 1953 519 2013 et
530 1947 618 2018 tenui
631 1948 785 2013 stridente
798 1948 955 2013 toramine
967 1949 1081 2030 longas

319 2046 491 2110 eiaculatur
502 2067 597 2129 equas
608 2050 703 2130 atque
716 2046 833 2111 ictibus
846 2055 920 2112 adra
932 2047 1068 2130 rumpit.

321 2143 453 2208 Arborei
465 2144 548 2208 letus
559 2144 743 2228 adspergine
756 2145 861 2209 caedis
878 2145 913 2208 in
926 2149 1030 2208 utram

322 2246 488 2306 uertuntur
499 2242 622 2318 inciam,
638 2243 877 2325 madefactaque
890 2243 1046 2325 sanguine
1059 2241 1151 2306 radix

320 2359 479 2423 purpureo
491 2339 611 2421 tinguit
622 2340 795 2423 pendentia
807 2360 897 2404 mora
909 2341 1022 2404 coloro.

403 2437 484 2500 Ilooe
497 2440 582 2500 metu
596 2439 736 2500 noudum
750 2439 919 2548 positobne
932 2437 1026 2501 nunt
1038 2439 1209 2511 amantem,

323 2533 378 2597 illu
390 2534 474 2597 redit
486 2533 689 2616 iuuenemque
702 2534 801 2598 oculis
814 2554 984 2616 animoque
997 2533 1143 2616 requirit,

323 2632 502 2713 quantaque
510 2630 618 2694 vitarit
630 2650 755 2694 narrare
768 2630 909 2712 pericula
921 2629 1027 2712 gestit.

323 2727 433 2809 thue
446 2727 547 2790 locum
560 2729 593 2790 et
605 2727 670 2790 uisa
682 2727 843 2809 cognoscit
856 2727 891 2790 in
904 2728 1015 2790 arbore
1028 2727 1177 2801 sormam,

324 2824 368 2887 sio
381 2824 459 2888 iacit
471 2823 620 2888 incertam
633 2825 719 2907 pomi
732 2825 834 2888 color:
853 2824 973 2900 haeret,
989 2845 1031 2886 cn
1044 2823 1122 2888 haec
1135 2823 1188 2886 sit.

324 2921 411 2984 Dum
424 2921 559 2998 dubitet,
574 2922 779 2985 tremebunda
792 2922 880 2985 uidet
893 2923 1019 3005 pulsare
1032 2925 1203 2985 cruentum

324 3020 464 3083 membra
475 3020 584 3096 solum,
598 3025 743 3101 retroque
756 3021 869 3102 pedem
884 3020 972 3095 tulit,
989 3040 1105 3102 oraque
1117 3020 1203 3081 buxo
1280 3081 1282 3086 ,

323 3116 488 3198 pallidiora
499 3137 606 3198 gerens
619 3116 781 3180 exhorruit
794 3116 938 3198 aequoris
951 3118 1063 3192 instar,

325 3213 411 3294 quod
423 3214 540 3290 tremit,
551 3214 664 3294 exigua
676 3233 749 3276 oum
763 3234 925 3276 summum
939 3213 1110 3294 stringitur
1123 3232 1210 3301 aura.

405 3309 466 3374 Sed
478 3313 640 3394 postquam
654 3315 809 3374 remorata
821 3331 893 3374 suos
906 3311 1058 3393 cognovit
1070 3329 1201 3386 amores,

325 3407 465 3490 percutit
477 3407 621 3488 indignos
634 3409 716 3471 claro
729 3409 881 3491 plangore
894 3409 1038 3484 lacertos,

325 3507 358 3568 ct
369 3504 488 3569 lanista
499 3525 601 3570 comas
613 3507 816 3589 amplexaque
830 3527 945 3589 corpus
957 3509 1101 3570 amatum

325 3602 455 3666 vulnera
467 3603 622 3686 suppleuit
636 3603 771 3666 lacrimis
783 3604 958 3686 fletumque
968 3603 1074 3667 cruori

326 3698 454 3762 miscuit
467 3701 499 3763 et
511 3699 622 3783 gelidis
635 3700 669 3764 in
684 3701 823 3764 uultibus
836 3701 942 3765 oscula
955 3701 1056 3782 figens

327 3796 498 3879 ‘Pyramo'
512 3799 667 3876 clamarit,
685 3799 775 3882 ‘quis
787 3803 820 3863 ts
833 3797 915 3862 milri
928 3818 1019 3864 casus
1032 3795 1175 3861 ademit?

326 3894 469 3976 Pyramo,
484 3897 647 3979 responde:
668 3900 724 3960 tua
737 3900 770 3960 te
783 3896 942 3960 carisdma
957 3895 1075 3959 Thisbe

329 3992 483 4056 seminat:
502 3995 614 4058 exaudi
627 3995 794 4078 vultusque
808 3995 917 4058 attolle
931 3992 1106 4058 iacentesl’
