3322 4462
498 243 566 300 THE
587 242 735 292 comer
755 243 821 290 FOB
840 243 909 288 nnn
931 244 1021 291 nnus
1040 245 1080 291 OF
1101 244 1275 292 numme·

796 445 875 491 um.
900 445 980 492 xm.

421 591 596 674 Consedere
609 593 716 668 duces,
732 593 765 655 et
781 591 870 674 vulgi
885 594 988 655 stante
1001 610 1113 658 corone

340 690 443 773 surgit
455 691 495 754 ed
510 690 566 754 hos
579 689 675 771 clipei
688 688 837 753 dominus
851 689 1062 772 septemplicis
1073 689 1169 771 Aiex3

340 791 440 870 utque
452 790 520 851 erut
533 787 703 868 impatiens
717 785 793 862 irae,
810 785 917 868 Sigeia
931 790 1019 850 torvo

339 885 434 948 litore
447 883 584 968 respexit
597 885 790 966 classemque
803 883 839 946 in
853 883 946 948 litore
958 885 1050 948 uultu

339 983 570 1064 intendensque
584 1003 697 1046 munus
712 982 879 1062 ‘Agimuq
894 1001 953 1065 pro
966 983 1142 1065 Iuppiterl'
1164 984 1270 1068 inquit

342 1080 434 1145 ‘ente
448 1084 531 1144 retes
544 1101 681 1156 ceusem,
697 1084 730 1145 et
743 1100 870 1146 mecum
884 1081 1047 1144 confertur
1058 1081 1167 1146 Ulixes
1182 1085 1190 1146 l

339 1179 385 1240 At
398 1198 463 1242 non
477 1179 643 1242 Hectoreis
656 1177 816 1242 dubitavit
830 1177 940 1242 cedere
953 1177 1096 1254 flammis,

340 1295 416 1357 ques
429 1295 487 1357 ego
500 1275 648 1352 sustinui,
665 1295 743 1358 ques
756 1275 816 1340 heo
829 1295 849 1339 e
862 1275 959 1339 classe
971 1274 1088 1356 iugeri.

369 1374 456 1437 utine
468 1379 517 1438 est
530 1374 630 1456 igitur
643 1374 726 1438 fictis
738 1373 932 1438 contendere
945 1372 1058 1456 verbis,
1096 1431 1100 1441 .

332 1374 434 1554 guam
446 1491 589 1555 pugnare
599 1475 711 1536 munul
755 1471 818 1537 Sed
831 1490 891 1535 nec
904 1470 985 1534 mihi
999 1470 1099 1535 dicere
1112 1476 1308 1556 promptum,

339 1589 397 1632 nee
409 1570 513 1634 lucere
526 1574 575 1633 eet
588 1569 657 1634 isti:
680 1575 900 1652 quantumque
914 1588 972 1649 ego
986 1568 1086 1632 Marte
1098 1569 1197 1633 feroci

339 1667 436 1750 inque
448 1668 515 1731 acie
530 1669 627 1743 valeo,
643 1671 772 1730 tentum
785 1668 870 1742 velet
882 1666 943 1731 iste
957 1667 1123 1749 loquendo.

420 1764 509 1864 ‘ch
521 1765 726 1829 memorande
740 1768 848 1827 temen
861 1764 951 1828 vobis
964 1784 1033 1827 mee
1045 1765 1139 1840 moto,
1156 1765 1288 1848 Pelesgi,

340 1881 405 1926 esse
417 1881 502 1941 reor:
526 1862 647 1926 vidistis
661 1863 757 1926 enim.
802 1861 867 1926 Suu
880 1865 988 1925 narret
1000 1862 1119 1937 Ulixes,

340 1979 420 2042 quoe
433 1959 499 2023 sine
512 1963 593 2024 teste
605 1959 699 2041 gerit,
716 1979 853 2042 quornm
866 1979 932 2022 nox
945 1959 1068 2023 conscia
1080 1959 1144 2024 solo
1156 1965 1214 2026 est.

340 2057 483 2121 Preemie
495 2078 613 2139 magne
624 2057 692 2140 peti
705 2059 819 2122 fateor.
863 2056 923 2122 Sed
939 2056 1040 2120 demit
1052 2057 1204 2122 honorem

340 2156 495 2219 aemulus:
517 2155 608 2219 Ainci
622 2175 687 2225 non
700 2159 749 2220 est
762 2155 901 2219 tenuisse
915 2155 1095 2236 superbum,

341 2253 384 2316 sit
395 2253 470 2317 licet
484 2254 543 2316 hoc
555 2253 678 2334 ingens,
695 2252 847 2336 quicquid
862 2253 999 2334 sperarit
1010 2248 1131 2317 Ulixes.

341 2351 407 2414 Iste
420 2351 498 2413 tulit
510 2350 650 2432 pretium
665 2350 729 2414 ium
742 2351 831 2413 nnnc
844 2350 1062 2433 temptaminis
1073 2351 1179 2428 huius,

343 2467 415 2529 quo,
431 2464 505 2512 cum
519 2447 623 2511 rictus
635 2447 707 2523 erit,
723 2468 849 2511 mecum
863 2452 996 2511 certasse
1008 2447 1136 2512 teretur.

423 2544 550 2628 ‘Atque
563 2564 632 2626 ego,
649 2545 676 2609 ei
688 2546 792 2608 uirtus
805 2548 841 2608 in
854 2565 906 2608 me
919 2545 1101 2609 dubinnilis
1113 2550 1205 2623 esset,

342 2642 507 2706 nobilitate
521 2647 634 2724 potens
647 2663 757 2718 oseem,
774 2643 945 2706 Telsmone
958 2647 1089 2719 creatus,

342 2740 466 2803 moenie
479 2740 535 2823 qui
548 2740 626 2803 lorti
640 2740 779 2804 Troiane
791 2741 850 2803 snb
864 2740 1002 2806 Hercule
1015 2741 1099 2823 oepit

342 2837 497 2920 iltoreque
511 2835 643 2901 introvit
658 2838 813 2920 Pagasaea
828 2829 946 2902 (lolclre
960 2838 1074 2902 carine.

343 2935 463 2998 Aeecue
476 2934 553 2998 huic
566 2939 657 3018 peter
669 2939 728 3012 est,
745 2935 801 3017 qui
813 2934 884 2998 iure
898 2934 1063 2998 silentibus
1075 2935 1140 3000 illio

343 3031 458 3108 reddit
475 3031 531 3094 ubi
545 3033 699 3096 Aeoliden
713 3052 825 3096 sexum
838 3051 934 3114 greve
949 3031 1102 3114 Sisyphon
1115 3037 1218 3116 urget.

343 3131 469 3194 Aeacon
483 3128 625 3211 agnoseit
638 3150 783 3193 summus
795 3130 980 3212 prolemque
998 3131 1117 3194 tutetur

344 3227 488 3309 Iuppiter
502 3246 567 3291 esse
581 3247 685 3291 suem:
706 3227 752 3291 sic
764 3247 784 3290 u
797 3227 872 3290 Iove
887 3227 1001 3290 tertius
1013 3227 1105 3290 Alex.

344 3325 411 3388 Nec
427 3329 532 3387 tumen
546 3323 624 3388 haec
637 3325 731 3388 series
744 3324 781 3388 in
794 3344 921 3400 censum
935 3324 1044 3414 prosit,
1056 3324 1183 3401 Achivi,

344 3423 370 3484 ei
383 3420 464 3484 mihi
478 3425 553 3484 c'nm
566 3441 683 3503 magno
697 3441 762 3485 non
775 3425 824 3485 est
837 3421 1015 3486 communie
1026 3421 1160 3485 Achille.

344 3520 455 3583 Frater
468 3522 547 3595 eret,
562 3521 704 3583 fraterne
716 3523 802 3602 peto.
846 3518 932 3605 Quid
946 3519 1096 3602 sunguine
1108 3523 1213 3584 cretus

345 3616 491 3700 Sisyphio
505 3616 664 3698 furtisque
677 3619 710 3680 et
723 3617 836 3693 frende
850 3616 1030 3680 simillimus
1043 3617 1091 3680 illi
1183 3635 1184 3639 ’

344 3714 455 3778 inserit
465 3713 612 3779 Aeneidis
625 3713 745 3778 elienee
760 3715 889 3779 nomine
902 3715 1030 3797 gentis?

425 3812 500 3876 ‘An
514 3813 599 3895 qnod
614 3813 649 3876 in
663 3833 750 3876 orme
763 3813 850 3896 prior
864 3813 1017 3895 nulloque
1029 3813 1086 3876 snb
1099 3811 1203 3878 indice
1216 3812 1300 3891 reni,

344 3931 430 3976 ormo
443 3911 589 3994 negando
602 3911 708 3975 mihi?
749 3912 919 3995 Potiorque
933 3910 1090 3976 ridebitur
1102 3911 1166 3989 ille,
1294 3949 1298 3960 ·

345 4007 459 4074 ultime
472 4008 527 4092 qui
542 4008 628 4092 cepit
641 4007 890 4092 detrectavitque
903 4009 1024 4104 surore¹

513 4107 530 4160 8
