3322 4462
208 229 265 296 Ι10
421 233 451 279 P·
475 234 590 281 ovlnn
612 233 763 282 NASONIS
784 232 947 280 camus
968 230 1124 280 ΒΗΜΛ.

222 382 394 448 ambrosiae
408 403 483 448 suoo
497 388 631 460 saturos,
647 383 867 466 praesaepibus
880 381 954 447 altis

223 482 444 566 quadrupedes
456 482 582 546 duouut
595 482 782 564 adduntque
796 481 942 545 sonantia
954 482 1055 547 frena

214 574 308 643 ‘Tum
323 583 413 664 pater
426 600 480 645 orn
493 579 543 644 sui
557 599 644 644 suero
657 580 868 643 medicamina
881 579 950 642 nati

223 678 359 763 eontigit
372 681 405 742 et
418 679 545 761 rapidae
558 678 637 744 ieeit
650 677 807 760 patientia
816 679 961 742 munusue

223 776 437 860 imposuitque
449 797 557 840 eomae
571 776 684 852 radios,
701 795 912 859 praesagaque
925 776 1031 839 luotus

223 879 349 956 pectore
363 873 498 937 sollieito
511 878 656 956 repetens
669 873 806 955 suspiria
819 873 917 936 dixit:

306 971 361 1036 ‘Si
373 976 463 1054 potes
475 971 526 1034 luis
540 973 652 1036 saltem
666 972 797 1035 monitis
810 991 919 1054 parere
933 969 1083 1053 parentis,

223 1089 327 1150 pareo,
343 1087 432 1152 puer,
448 1069 586 1134 stimulis
599 1073 632 1133 et
645 1069 762 1133 iortius
775 1079 865 1133 utere
879 1069 967 1132 loris:

225 1170 336 1304 sponte
349 1186 406 1230 sua
417 1171 604 1250 properant;
625 1166 714 1230 labor
727 1171 776 1230 est
789 1167 933 1230 inhibere
945 1166 1097 1229 volentes.

230 1311 239 1326 .
306 1265 315 1296 ‘
327 1265 361 1328 N
360 1284 395 1328 ee
409 1263 469 1328 tibi
483 1265 619 1329 direetos
632 1265 755 1347 placeat
771 1264 821 1328 via
834 1264 974 1348 quinque
986 1281 1043 1346 per
1056 1283 1160 1328 mous:

224 1366 328 1426 seetus
341 1361 376 1424 in
389 1362 554 1445 obliquum
568 1372 617 1426 est
630 1363 695 1426 late
714 1362 898 1426 curuamine
911 1361 1013 1435 limes,
1255 1351 1262 1366 ’

225 1480 436 1542 nonarumque
452 1461 547 1524 trium
563 1465 734 1524 contentus
747 1462 812 1525 fine
825 1460 999 1544 polumque

224 1559 339 1641 effugit
351 1559 518 1624 australem
533 1559 739 1641 iunctamque
752 1559 953 1641 aquilonibus
959 1559 1098 1656 Amph.

225 1657 296 1720 Hae
309 1657 352 1721 sit
364 1656 439 1720 iter:
460 1657 630 1721 manifesta
643 1660 730 1721 rotae
744 1657 877 1739 uestigia
890 1676 1008 1721 earnes.

225 1754 335 1836 thue
347 1755 453 1818 ierant
465 1772 581 1837 aequos
595 1758 628 1818 et
641 1755 764 1818 eaelum
778 1762 812 1818 et
825 1758 910 1818 terra
922 1755 1049 1828 boloma

225 1870 283 1914 nee
297 1870 404 1934 preme
416 1871 476 1915 neo
489 1871 651 1915 summum
665 1851 777 1922 molire
791 1871 847 1935 per
859 1839 986 1915 aethera
998 1868 1139 1914 burrum.

226 1948 334 2012 Altius
346 1968 486 2031 egressus
500 1948 646 2013 eoelestia
658 1953 743 2012 taeta
756 1949 920 2024 cremabis,

225 2046 360 2110 interius
372 2049 485 2110 terram
506 2047 613 2110 medio
627 2046 808 2110 tutissimus
820 2046 890 2110 ibis.

226 2145 298 2208 Neu
312 2147 344 2208 te
358 2144 516 2208 dexterior
528 2147 652 2208 tortum
666 2143 805 2209 declinet
818 2146 857 2207 ad
872 2144 1032 2226 Anguem,

226 2262 304 2306 neve
317 2241 491 2306 sinisterior
503 2261 643 2325 pressum
656 2247 726 2305 rota
739 2243 838 2305 dueat
850 2243 890 2305 ad
905 2242 1018 2308 Aram:

226 2339 311 2403 inter
323 2343 495 2421 utrumque
508 2343 592 2403 tene.
636 2339 798 2416 Fortunae
811 2346 915 2403 uetera
928 2339 1054 2413 maudo,

226 2457 306 2519 qnae
318 2437 406 2500 iuvet
419 2440 452 2500 et
464 2436 589 2518 melius,
606 2456 702 2518 quam
716 2440 753 2499 tu
768 2437 839 2510 tibi,
855 2437 1000 2500 consulat
1012 2439 1099 2518 opto.

308 2533 414 2596 ‘Dum
427 2532 550 2615 loquor,
567 2533 723 2614 Hesperio
736 2533 855 2615 positae
868 2533 903 2595 iu
918 2533 1010 2613 litore
1023 2531 1123 2598 metas

226 2629 335 2694 umida
349 2649 410 2693 uox
425 2630 541 2712 tetigit.
586 2631 620 2694 N
620 2650 662 2692 on
675 2633 724 2693 est
737 2649 826 2693 mora
839 2631 937 2693 libera
946 2628 1050 2693 nobis:

225 2727 399 2809 poscimur:
420 2727 551 2809 effulget
565 2727 705 2790 tenebris
719 2727 847 2791 Aurora
859 2727 992 2809 iugatis.

227 2823 358 2906 Corripe
371 2823 438 2887 lora
451 2843 560 2900 manu,
576 2824 638 2899 rel,
654 2823 681 2886 si
695 2824 850 2887 mutabile
863 2826 973 2906 peetus

226 2924 273 2984 est
289 2919 358 2996 tibi,
373 2920 522 2996 eonsiliis,
539 2941 604 2984 non
619 2920 765 2984 eurribns
779 2924 869 2984 utere
882 2919 1007 2994 nostris,

226 3019 303 3082 dum
318 3022 407 3100 potes
420 3020 453 3082 et
466 3018 574 3082 solidis
587 3017 773 3082 etiamnunc
786 3019 914 3082 sedibus
926 3019 1031 3080 adstas

227 3117 367 3199 dumque
380 3116 462 3179 maie
475 3120 602 3198 optatos
615 3116 759 3179 noudum
774 3116 892 3198 premis
904 3115 1022 3210 inspius
1034 3135 1119 3179 axes.

227 3212 313 3289 Quae
326 3215 417 3294 tutus
430 3216 561 3295 spectes,
578 3213 646 3276 sine
659 3233 711 3276 me
725 3213 801 3276 dare
813 3213 937 3277 lumina
950 3212 1076 3276 terrist’

307 3309 451 3392 Oeoupat
463 3310 517 3373 ille
531 3311 632 3373 levem
647 3309 786 3373 iuvenali
801 3330 930 3392 eorpore
943 3329 1082 3384 onrrum,

227 3409 354 3489 sintque
367 3427 461 3490 super
474 3406 683 3488 manibusque
697 3407 788 3471 datas
802 3407 987 3489 contingere
1000 3405 1142 3472 habenas
1195 3433 1203 3453 ··

226 3506 345 3588 gaudet
357 3508 390 3568 et
403 3504 505 3568 inrito
518 3509 623 3586 grates
636 3505 704 3587 agit
718 3504 793 3569 iude
807 3504 944 3588 parenti.

227 3603 353 3667 Interea
366 3603 506 3666 volueres
521 3603 635 3685 Pyrois
648 3606 681 3666 et
695 3602 782 3666 Eous
795 3593 828 3666 et
842 3602 981 3678 Aethon,

227 3700 307 3764 Solis
320 3699 404 3783 equi,
421 3703 615 3784 quartusque
630 3699 785 3782 Phlegon,
802 3699 981 3764 hinnitibus
994 3719 1085 3765 auras

226 3797 421 3862 flammiferis
435 3797 572 3881 implent
584 3797 782 3882 pedibusque
795 3798 945 3882 repagula
958 3799 1097 3881 pulsant.

228 3895 314 3972 Quae
327 3900 494 3980 postquam
509 3897 640 3980 Tethys,
656 3897 796 3960 fatorum
812 3897 923 3979 ignara
936 3896 1061 3978 nepotis

228 3993 377 4078 reppulit,
393 4004 426 4058 et
438 3995 524 4059 iaetu
537 3997 585 4058 est
600 3993 736 4057 inmensi
750 3994 841 4077 oopia
855 3993 979 4069 mundi,
