3322 4462
662 233 845 283 DAEDALUS
866 234 943 284 Aru>
963 237 1102 286 mellus.
1378 235 1417 305 25

333 385 428 466 etque
441 381 486 448 ita
498 382 686 468 oompositas
699 405 796 468 parvo
809 386 991 453 curuamine
1005 388 1116 464 flectit,

333 488 372 545 ut
384 502 467 546 veras
480 481 624 546 imitetur
637 503 718 549 sves.
763 485 847 548 Puer
861 485 968 549 Icarus
983 506 1048 549 uns
1359 489 1419 552 195

333 581 434 644 elebat
446 583 489 656 et,
505 579 635 662 ignarus
648 601 705 644 sun
718 602 750 646 se
764 585 899 646 tractare
912 583 1041 666 pericle,

334 699 385 742 ore
399 677 554 742 renidenti
568 678 674 755 modo,
691 699 767 762 quos
782 699 861 762 roge
874 686 1015 744 moverat
1028 701 1116 757 aurs,

333 777 477 859 captabat
489 776 624 860 plumes,
640 767 753 840 fferam
766 778 861 840 modo
874 779 988 860 pollice
1001 799 1106 842 ceram

333 875 475 938 mollibat
487 874 622 956 lusuque
635 893 693 937 suo
706 873 850 937 mirabile
864 875 963 957 patris

333 972 521 1055 impediebat
534 992 621 1054 opus.
668 971 839 1054 Postquam
853 993 968 1037 monus
980 973 1096 1037 ultima
1108 974 1223 1056 coeptis

334 1069 478 1152 imposita
490 1073 547 1145 est,
563 1070 705 1152 gemines
718 1071 825 1154 opifex
838 1071 967 1134 libravit
980 1071 1015 1134 in
1029 1071 1094 1135 alus

333 1167 400 1250 ipse
412 1187 504 1232 suum
517 1187 630 1251 corpus
643 1173 790 1252 motoque
804 1168 958 1252 pependit
970 1169 1005 1232 in
1020 1189 1106 1233 sura.

412 1265 545 1329 Instruit
558 1269 592 1330 et
604 1270 716 1330 natum
733 1266 879 1330 ‘Medio’
896 1287 958 1350 que
973 1267 1032 1330 ‘nt
1043 1267 1147 1331 limite
1160 1288 1274 1345 curras,

334 1364 444 1440 Iners)
458 1363 504 1427 ait
519 1363 660 1440 ‘moneo,
677 1385 728 1441 ne,
744 1363 770 1427 si
784 1364 949 1428 demissior
962 1364 1033 1442 ibis,

334 1463 419 1525 unde
431 1465 538 1545 gravet
551 1481 681 1544 pennos,
698 1463 724 1524 si
738 1462 859 1538 celsior,
876 1461 960 1545 ignis
973 1464 1097 1527 aduret

334 1560 422 1623 Inter
434 1565 605 1643 utrumque
617 1561 697 1624 volo.
741 1560 774 1624 N
774 1580 809 1624 eo
826 1563 856 1624 te
869 1565 1010 1643 spectare
1024 1561 1145 1626 Booten

335 1664 391 1721 aut
403 1657 534 1720 Helicen
546 1657 639 1720 iubeo
652 1657 862 1739 strictumque
873 1657 999 1722 Orionis
1013 1679 1134 1723 ensem:

335 1775 385 1819 me
397 1755 476 1819 duce
489 1775 581 1836 corpe
595 1753 704 1819 viam)
747 1754 869 1819 Pariter
882 1760 1050 1838 praecepta
1064 1755 1188 1820 volandi

334 1852 432 1916 tradit
443 1854 477 1916 et
489 1851 611 1934 ignotas
624 1852 742 1916 umeris
758 1855 974 1916 accommodet
987 1854 1062 1917 elas.

413 1951 502 2014 Inter
513 1970 591 2034 opus
604 1950 806 2033 monitusque
820 1971 918 2039 genae
929 1952 1079 2015 maduere
1092 1951 1204 2016 seniles

335 2052 368 2113 et
379 2047 496 2132 patrius
508 2050 664 2111 tremuere
677 2067 800 2111 monus.
845 2048 944 2112 Dedit
957 2049 1065 2113 osculo
1077 2051 1151 2112 nato

336 2166 401 2209 non
413 2146 526 2210 iterum
539 2146 710 2228 repetendo
722 2165 790 2221 suo,
805 2146 982 2229 pennisque
996 2147 1117 2210 levatus

337 2247 409 2307 unte
421 2243 505 2309 volat
517 2243 688 2325 comitique
703 2243 806 2320 timet,
823 2245 911 2307 velut
923 2245 999 2320 oles,
1014 2245 1054 2308 ub
1067 2245 1132 2307 alto

338 2362 414 2424 quae
428 2345 566 2405 teneram
578 2342 700 2424 prolem
713 2341 866 2424 produxit
883 2341 919 2405 in
932 2349 1005 2406 cera
1016 2342 1105 2418 nido,

338 2439 540 2521 horteturque
554 2438 642 2520 sequi
656 2439 884 2520 damnososque
897 2440 1004 2502 erudit
1017 2442 1101 2502 artes

338 2539 370 2598 et
381 2538 485 2600 mouet
497 2535 563 2624 ipse
577 2555 648 2598 sues
661 2539 694 2598 ot
706 2534 775 2599 nati
788 2535 917 2617 respicit
930 2536 1004 2599 slus

415 2635 482 2697 Hos
495 2633 607 2716 sliquis
619 2633 757 2696 tremula
769 2633 848 2696 dum
862 2636 970 2715 captat
982 2633 1162 2696 harundine
1172 2633 1280 2715 pisces,

337 2733 392 2794 eut
405 2733 508 2814 pastor
520 2731 631 2794 baculo
645 2730 763 2794 stivave
779 2729 910 2792 innixus
923 2734 1028 2794 orator

338 2828 427 2907 vidit,
441 2832 474 2892 et
487 2827 649 2912 obstipuit,
666 2829 782 2912 quique
795 2828 924 2892 sethera
936 2848 1064 2912 carpere
1076 2831 1201 2910 possent

338 2926 469 2990 credidit
481 2945 545 2988 esse
557 2926 642 2989 deos.
685 2924 807 2988 Etiam
821 2924 958 2989 Iunonis
968 2925 1060 3015 lsevs

337 3027 424 3105 parte
438 3023 544 3088 Samos
558 3023 702 3105 (inerunt
715 3023 873 3105 Delosque
887 3023 1045 3105 Parosque
1059 3021 1210 3104 relictae),

337 3121 446 3184 dextre
458 3118 633 3196 Irebinthus
646 3122 715 3183 erat
726 3120 927 3201 fecundaque
940 3120 1034 3184 melle
1049 3118 1208 3200 Calymne,

337 3237 409 3280 cnm
421 3236 502 3301 puer
512 3217 624 3285 sudaei
636 3217 741 3301 coepit
753 3217 892 3298 gaudere
905 3218 1013 3281 volatu

337 3315 533 3396 deseruitque
545 3315 660 3378 ducem
673 3315 811 3397 caelique
825 3314 976 3397 onpidins
989 3317 1111 3378 tractus

337 3412 431 3476 altius
443 3410 509 3493 egit
520 3411 590 3475 iter.
634 3411 750 3495 Rapidi
763 3411 966 3476 riciniasolis

339 3510 439 3574 mollit
452 3509 604 3587 odoratos,
620 3530 797 3592 pennarum
814 3510 951 3586 vincula,
967 3530 1063 3574 ceras.

338 3608 516 3672 rabuerunt
528 3627 628 3670 cerae:
650 3608 753 3671 nudos
766 3607 870 3690 quatit
884 3606 938 3670 ille
951 3608 1084 3671 lacertos

338 3705 525 3789 remigioque
538 3724 647 3768 carens
659 3726 724 3769 non
738 3704 819 3768 ullas
831 3704 967 3787 percipit
980 3725 1083 3782 sures,

337 3824 450 3889 oraque
462 3804 602 3868 caerulea
615 3804 754 3889 petrium
768 3803 939 3868 clamantis
953 3823 1070 3868 nomen

337 3904 536 3990 excipiuntur
548 3924 652 3988 equa:
674 3924 752 3987 quoe
765 3923 882 3967 nomen
896 3904 995 3968 traxit
1007 3903 1048 3967 ab
1061 3902 1126 3966 illc.
1360 3905 1418 3966 230

416 4006 461 4068 At
473 4006 561 4088 pater
574 4002 698 4080 inislir,
714 4022 773 4068 nec
785 4001 849 4067 ium
864 4005 964 4087 poter,
983 4001 1116 4077 ‘Icaro’
1131 3999 1222 4077 dixit,
