3322 4462
581 231 732 282 DEBENSB
752 231 793 278 01l
813 231 1030 279 rouen-mn
1051 233 1196 282 aanor.

346 382 433 448 Vilia
445 382 579 448 miretur
590 383 717 466 vulgus:
738 382 818 446 mihi
833 383 933 447 flavus
946 383 1063 467 Apollo

387 482 502 566 pocula
517 481 651 546 Gaetulia
662 481 755 564 plena
767 480 929 545 ministret
942 501 1034 565 uqua,

346 578 579 662 sustineamque
591 598 680 641 oome
691 581 886 641 metuentem
899 578 1020 660 frigora
1033 584 1185 662 myrtum,

386 679 481 760 atque
495 675 541 740 its
553 675 686 739 sollicito
699 675 820 738 multus
833 679 960 739 amante
973 677 1072 760 legar.

347 775 492 838 Pascitur
505 775 540 838 in
553 774 631 838 viris
644 774 753 838 Livor:
773 778 845 856 post
858 775 927 838 ists
941 775 1083 857 quiescit,

387 891 461 936 oum
475 892 551 936 suus
562 892 601 937 ex
614 871 724 935 merito
737 892 894 955 quemque
908 876 1019 935 tuetur
1032 872 1142 937 honos.

348 970 435 1051 Ergo
448 969 545 1033 etiam
556 989 630 1032 oum
643 973 693 1032 me
705 989 872 1059 supremus
882 968 1026 1050 adederit
1040 969 1134 1052 ignis,

388 1067 503 1143 vivan,
518 1079 649 1150 pemque
661 1065 722 1130 mei
736 1065 839 1130 multa
852 1070 1010 1150 superstes
1023 1066 1096 1130 erit.

542 1399 570 1460 o.
607 1396 771 1468 aanor
804 1396 871 1461 ou
906 1381 1005 1461 ren
1038 1398 1238 1465 Pnnnon

801 1591 863 1639 nn.
880 1593 922 1639 11.
939 1581 968 1642 6.

350 1753 519 1830 Psittacus,
534 1753 608 1818 Eois
619 1751 774 1816 imitatrix
787 1752 852 1817 eles
865 1754 905 1818 ab
918 1755 1020 1832 Indis,

389 1851 521 1916 oooidit:
540 1849 697 1934 exsequiae
710 1849 753 1914 ite
766 1850 961 1933 frequenter,
977 1872 1058 1918 aves.

349 1949 410 2026 Ite,
425 1947 497 2033 piae
510 1949 656 2025 volueres,
672 1951 705 2012 et
717 1947 860 2030 plangite
875 1953 1002 2032 pectora
1013 1951 1139 2034 pennis,

389 2050 422 2111 et
436 2046 539 2129 rigido
552 2052 671 2110 teneras
683 2065 790 2129 ungue
803 2050 913 2109 notate
925 2067 1031 2130 genas.

350 2145 491 2209 Horrida
503 2165 561 2228 pro
573 2143 697 2208 maestis
707 2142 848 2208 lenietur
860 2145 972 2228 pluma
985 2146 1122 2229 oapillis3

389 2244 557 2326 prolonga
569 2246 713 2306 resonent
724 2242 866 2306 earmina
877 2247 982 2308 uestra
995 2246 1084 2307 tubo.

352 2340 437 2418 Quid
450 2339 551 2404 soelus
563 2339 684 2404 lunarii
696 2339 845 2422 quereris,
862 2340 1049 2419 Philomela,
1065 2340 1219 2423 tyranni?

393 2437 532 2520 Expleta
542 2440 590 2501 est
601 2437 692 2500 annis
704 2437 764 2500 ista
777 2439 904 2519 querela
916 2439 993 2502 suis.

353 2534 451 2599 Alitis
464 2535 500 2597 in
513 2555 599 2598 rarae
610 2534 758 2597 miserum
772 2535 934 2598 devertere
948 2537 1057 2600 funus.

393 2632 522 2713 Magna,
537 2632 588 2694 sed
602 2630 724 2713 antiqui
737 2650 831 2694 eausa
844 2632 961 2694 doloris
973 2632 1050 2713 Itys.

354 2728 482 2803 Omnes,
499 2747 577 2811 quae
588 2727 708 2810 liquido
720 2727 844 2791 libratis
856 2728 891 2790 iu
904 2733 976 2803 atre
990 2748 1109 2806 oureus,

392 2828 430 2887 tu
444 2828 551 2888 tumen
563 2828 636 2888 ante
648 2823 733 2899 alise,
751 2826 859 2887 turtur
871 2824 982 2900 amioe,
998 2825 1080 2888 dole.

354 2922 453 2986 Plena
466 2922 532 2986 luit
545 2921 630 2985 vobis
641 2919 728 2985 omni
741 2921 910 2985 eoncordia
922 2921 1000 2997 vitu,

393 3021 427 3083 et
440 3019 531 3082 stetit
542 3019 582 3083 ad
596 3019 689 3082 finem
702 3018 798 3100 longa
810 3021 967 3102 tenaxque
981 3018 1068 3082 fides.

354 3115 446 3193 Quod
460 3115 526 3179 init
538 3115 682 3197 Argolico
695 3109 818 3178 iuvenis
832 3114 974 3178 Phoeeus
989 3115 1130 3191 Orestae,

393 3213 454 3276 hoo
468 3213 537 3289 tibi,
553 3213 630 3276 dum
642 3212 743 3288 lieuit,
759 3212 903 3294 psitteoe‚
920 3217 1030 3274 turtur
1043 3215 1119 3276 erat.

355 3309 439 3387 Quid
452 3313 560 3374 tamen
571 3309 631 3373 ista
643 3310 730 3386 tides,
746 3308 823 3392 quid
836 3307 900 3372 ruri
912 3309 1017 3372 torma
1030 3309 1152 3384 eoloris,

394 3407 473 3490 quid
486 3427 548 3472 vox
560 3406 717 3470 mutandis
730 3405 893 3488 ingeniosa
905 3405 1001 3482 sonis,

354 3504 432 3588 quid
446 3504 546 3580 iuvat,
561 3507 599 3569 ut
611 3505 702 3568 datus
714 3524 757 3582 es,
773 3508 898 3568 nostrae
911 3503 1067 3586 placuisse
1084 3503 1233 3587 puellae?

394 3601 515 3666 Infelix
528 3601 633 3666 avium
645 3601 754 3685 gloria,
770 3621 886 3684 nempe
899 3601 989 3664 isoes.

354 3698 406 3762 Tu
420 3704 545 3783 poteras
557 3699 682 3782 fragiles
693 3698 806 3781 pennis
819 3699 966 3763 hebetare
980 3699 1173 3780 zmaragdos,

395 3797 498 3861 tinota
510 3817 619 3880 gerens
631 3798 725 3861 rubro
738 3797 860 3860 Punica
873 3800 974 3861 rostra
987 3816 1087 3859 orooo.
1117 3821 1123 3832 ·

335 3896 429 3960 'Non
444 3895 512 3959 luit
524 3896 558 3959 in
572 3895 662 3959 terris
675 3906 786 3960 vocum
800 3895 1001 3959 simulantior
1014 3894 1092 3962 ales:

341 4048 348 4058 .
396 3993 547 4058 reddebas
559 3993 660 4059 blaeso
675 3997 738 4056 tem
751 3992 831 4058 bene
844 3993 940 4057 verba
953 4012 1039 4056 sono.
