<?xml version="1.0" encoding="UTF-8"?>
<!DOCTYPE html PUBLIC "-//W3C//DTD XHTML 1.0 Transitional//EN"
    "http://www.w3.org/TR/xhtml1/DTD/xhtml1-transitional.dtd">
<html xmlns="http://www.w3.org/1999/xhtml" xml:lang="en" lang="en">
 <head>
  <title>
</title>
<meta http-equiv="Content-Type" content="text/html;charset=utf-8" />
  <meta name='ocr-system' content='tesseract 3.04.00' />
  <meta name='ocr-capabilities' content='ocr_page ocr_carea ocr_par ocr_line ocrx_word'/>
</head>
<body>
  <div class='ocr_page' id='page_1' title='image "./selectionsfromo00andegoog_0078.png"; bbox 0 0 3322 4462; ppageno 0'>
   <div class='ocr_carea' id='block_1_1' title="bbox 526 248 1419 328">
    <p class='ocr_par' dir='ltr' id='par_1_1' title="bbox 526 248 1419 328">
     <span class='ocr_line' id='line_1_1' title="bbox 526 248 1419 328; baseline -0.004 -12"><span class='ocrx_word' id='word_1_1' title='bbox 526 266 632 316; x_wconf 76' lang='lat' dir='ltr'><strong>Pom</strong></span> <span class='ocrx_word' id='word_1_2' title='bbox 653 266 965 314; x_wconf 69' lang='lat' dir='ltr'><strong>mnam—nnana</strong></span> <span class='ocrx_word' id='word_1_3' title='bbox 985 266 1035 316; x_wconf 63' lang='lat' dir='ltr'><strong>Oli</strong></span> <span class='ocrx_word' id='word_1_4' title='bbox 1054 265 1232 328; x_wconf 70' lang='lat' dir='ltr'><strong>nannum.</strong></span> <span class='ocrx_word' id='word_1_5' title='bbox 1381 248 1419 312; x_wconf 86' lang='lat'><strong>61</strong></span> 
     </span>
    </p>
   </div>
   <div class='ocr_carea' id='block_1_2' title="bbox 483 497 1193 740">
    <p class='ocr_par' dir='ltr' id='par_1_2' title="bbox 483 497 1193 740">
     <span class='ocr_line' id='line_1_2' title="bbox 483 497 1193 566; baseline 0.001 -4"><span class='ocrx_word' id='word_1_6' title='bbox 483 545 486 552; x_wconf 84' lang='lat'>.</span> <span class='ocrx_word' id='word_1_7' title='bbox 561 502 590 564; x_wconf 79' lang='lat'><strong>7.</strong></span> <span class='ocrx_word' id='word_1_8' title='bbox 631 498 725 563; x_wconf 74' lang='lat' dir='ltr'><strong>THE</strong></span> <span class='ocrx_word' id='word_1_9' title='bbox 756 497 928 566; x_wconf 72' lang='lat' dir='ltr'><strong>Ponr’o</strong></span> <span class='ocrx_word' id='word_1_10' title='bbox 958 499 1193 564; x_wconf 71' lang='lat' dir='ltr'><strong>olnam.</strong></span> 
     </span>
     <span class='ocr_line' id='line_1_3' title="bbox 728 665 1027 740; baseline 0.003 -17"><span class='ocrx_word' id='word_1_11' title='bbox 728 675 790 723; x_wconf 73' lang='lat' dir='ltr'><strong>eu.</strong></span> <span class='ocrx_word' id='word_1_12' title='bbox 812 676 852 724; x_wconf 91' lang='lat'><strong>11.</strong></span> <span class='ocrx_word' id='word_1_13' title='bbox 871 665 921 740; x_wconf 90' lang='lat'><strong>10,</strong></span> <span class='ocrx_word' id='word_1_14' title='bbox 938 666 1027 725; x_wconf 88' lang='lat'>1-14.</span> 
     </span>
    </p>
   </div>
   <div class='ocr_carea' id='block_1_3' title="bbox 338 810 1141 1107">
    <p class='ocr_par' dir='ltr' id='par_1_3' title="bbox 338 810 1141 1107">
     <span class='ocr_line' id='line_1_4' title="bbox 339 810 1139 906; baseline 0.003 -22"><span class='ocrx_word' id='word_1_15' title='bbox 339 821 390 885; x_wconf 82' lang='lat' dir='ltr'><strong>Tu</strong></span> <span class='ocrx_word' id='word_1_16' title='bbox 403 820 494 897; x_wconf 89' lang='lat' dir='ltr'><strong>mihi,</strong></span> <span class='ocrx_word' id='word_1_17' title='bbox 509 825 546 884; x_wconf 80' lang='lat' dir='ltr'><strong>iu</strong></span> <span class='ocrx_word' id='word_1_18' title='bbox 557 810 656 898; x_wconf 52' lang='lat' dir='ltr'><strong>ceria</strong></span> <span class='ocrx_word' id='word_1_19' title='bbox 665 819 806 898; x_wconf 90' lang='lat' dir='ltr'><strong>memini,</strong></span> <span class='ocrx_word' id='word_1_20' title='bbox 823 821 986 900; x_wconf 79' lang='lat' dir='ltr'><strong>Graeciae,</strong></span> <span class='ocrx_word' id='word_1_21' title='bbox 1002 823 1139 906; x_wconf 72' lang='lat' dir='ltr'><strong>negabas</strong></span> 
     </span>
     <span class='ocr_line' id='line_1_5' title="bbox 379 919 1069 1002; baseline 0 -20"><span class='ocrx_word' id='word_1_22' title='bbox 379 939 445 984; x_wconf 91' lang='lat' dir='ltr'><strong>uuo</strong></span> <span class='ocrx_word' id='word_1_23' title='bbox 456 939 544 1002; x_wconf 68' lang='lat' dir='ltr'><strong>pose</strong></span> <span class='ocrx_word' id='word_1_24' title='bbox 555 919 692 1001; x_wconf 89' lang='lat' dir='ltr'><strong>aliquem</strong></span> <span class='ocrx_word' id='word_1_25' title='bbox 707 921 846 1002; x_wconf 80' lang='lat' dir='ltr'><strong>tempore</strong></span> <span class='ocrx_word' id='word_1_26' title='bbox 859 940 964 985; x_wconf 86' lang='lat' dir='ltr'><strong>amare</strong></span> <span class='ocrx_word' id='word_1_27' title='bbox 978 922 1069 985; x_wconf 87' lang='lat' dir='ltr'><strong>duae.</strong></span> 
     </span>
     <span class='ocr_line' id='line_1_6' title="bbox 338 1015 1141 1107; baseline 0.004 -28"><span class='ocrx_word' id='word_1_28' title='bbox 338 1017 400 1081; x_wconf 86' lang='lat' dir='ltr'><strong>Per</strong></span> <span class='ocrx_word' id='word_1_29' title='bbox 413 1021 446 1082; x_wconf 79' lang='lat' dir='ltr'><strong>te</strong></span> <span class='ocrx_word' id='word_1_30' title='bbox 458 1037 515 1107; x_wconf 80' lang='lat' dir='ltr'><strong>ego</strong></span> <span class='ocrx_word' id='word_1_31' title='bbox 527 1015 683 1100; x_wconf 69' lang='lat' dir='ltr'><strong>decipior!</strong></span> <span class='ocrx_word' id='word_1_32' title='bbox 698 1037 755 1101; x_wconf 89' lang='lat' dir='ltr'><strong>per</strong></span> <span class='ocrx_word' id='word_1_33' title='bbox 767 1020 800 1081; x_wconf 83' lang='lat' dir='ltr'><strong>te</strong></span> <span class='ocrx_word' id='word_1_34' title='bbox 812 1018 986 1100; x_wconf 78' lang='lat' dir='ltr'><strong>deprensae</strong></span> <span class='ocrx_word' id='word_1_35' title='bbox 999 1018 1141 1095; x_wconf 77' lang='lat' dir='ltr'><strong>inermis,</strong></span> 
     </span>
    </p>
   </div>
   <div class='ocr_carea' id='block_1_4' title="bbox 338 1115 1427 2175">
    <p class='ocr_par' dir='ltr' id='par_1_4' title="bbox 338 1115 1427 2175">
     <span class='ocr_line' id='line_1_7' title="bbox 378 1115 990 1200; baseline 0.005 -22"><span class='ocrx_word' id='word_1_36' title='bbox 378 1135 460 1191; x_wconf 88' lang='lat' dir='ltr'><strong>ecce,</strong></span> <span class='ocrx_word' id='word_1_37' title='bbox 475 1115 551 1178; x_wconf 86' lang='lat' dir='ltr'><strong>duae</strong></span> <span class='ocrx_word' id='word_1_38' title='bbox 563 1134 628 1178; x_wconf 91' lang='lat' dir='ltr'><strong>uuo</strong></span> <span class='ocrx_word' id='word_1_39' title='bbox 640 1122 778 1198; x_wconf 83' lang='lat' dir='ltr'><strong>tempore</strong></span> <span class='ocrx_word' id='word_1_40' title='bbox 794 1116 895 1199; x_wconf 76' lang='lat' dir='ltr'><strong>corpis</strong></span> <span class='ocrx_word' id='word_1_41' title='bbox 908 1137 990 1200; x_wconf 82' lang='lat' dir='ltr'><strong>amo.</strong></span> 
     </span>
     <span class='ocr_line' id='line_1_8' title="bbox 338 1211 1426 1296; baseline -0.001 -20"><span class='ocrx_word' id='word_1_42' title='bbox 338 1211 483 1296; x_wconf 81' lang='lat' dir='ltr'><strong>Utraque</strong></span> <span class='ocrx_word' id='word_1_43' title='bbox 495 1212 630 1276; x_wconf 74' lang='lat' dir='ltr'><strong>formosa</strong></span> <span class='ocrx_word' id='word_1_44' title='bbox 641 1215 702 1277; x_wconf 83' lang='lat' dir='ltr'><strong>eal:</strong></span> <span class='ocrx_word' id='word_1_45' title='bbox 723 1232 867 1296; x_wconf 77' lang='lat' dir='ltr'><strong>operosae</strong></span> <span class='ocrx_word' id='word_1_46' title='bbox 881 1213 1022 1279; x_wconf 77' lang='lat' dir='ltr'><strong>cultibus</strong></span> <span class='ocrx_word' id='word_1_47' title='bbox 1034 1214 1159 1278; x_wconf 88' lang='lat' dir='ltr'><strong>ambae:</strong></span> <span class='ocrx_word' id='word_1_48' title='bbox 1407 1217 1426 1275; x_wconf 81' lang='lat'><strong>5</strong></span> 
     </span>
     <span class='ocr_line' id='line_1_9' title="bbox 378 1308 1368 1394; baseline 0.003 -21"><span class='ocrx_word' id='word_1_49' title='bbox 378 1308 735 1385; x_wconf 69' lang='lat' dir='ltr'><strong>artibuaiudubioeei,</strong></span> <span class='ocrx_word' id='word_1_50' title='bbox 751 1308 894 1387; x_wconf 80' lang='lat' dir='ltr'><strong>haecuit,</strong></span> <span class='ocrx_word' id='word_1_51' title='bbox 910 1311 1033 1387; x_wconf 88' lang='lat' dir='ltr'><strong>anilla,</strong></span> <span class='ocrx_word' id='word_1_52' title='bbox 1049 1311 1147 1394; x_wconf 89' lang='lat' dir='ltr'><strong>prior.</strong></span> <span class='ocrx_word' id='word_1_53' title='bbox 1359 1363 1368 1376; x_wconf 74' lang='grc'>,</span> 
     </span>
     <span class='ocr_line' id='line_1_10' title="bbox 339 1405 1290 1493; baseline 0.002 -23"><span class='ocrx_word' id='word_1_54' title='bbox 339 1405 506 1470; x_wconf 76' lang='lat' dir='ltr'><strong>Pulchrior</strong></span> <span class='ocrx_word' id='word_1_55' title='bbox 518 1406 716 1471; x_wconf 78' lang='lat' dir='ltr'><strong>hacillaeel:</strong></span> <span class='ocrx_word' id='word_1_56' title='bbox 736 1406 814 1472; x_wconf 88' lang='lat' dir='ltr'><strong>haec</strong></span> <span class='ocrx_word' id='word_1_57' title='bbox 840 1411 889 1472; x_wconf 80' lang='lat' dir='ltr'><strong>eei</strong></span> <span class='ocrx_word' id='word_1_58' title='bbox 902 1429 1029 1493; x_wconf 88' lang='lat' dir='ltr'><strong>quoque</strong></span> <span class='ocrx_word' id='word_1_59' title='bbox 1041 1408 1207 1491; x_wconf 81' lang='lat' dir='ltr'>pulchrior</span> <span class='ocrx_word' id='word_1_60' title='bbox 1219 1407 1290 1472; x_wconf 81' lang='lat' dir='ltr'><strong>illa:</strong></span> 
     </span>
     <span class='ocr_line' id='line_1_11' title="bbox 378 1503 1083 1590; baseline 0 -21"><span class='ocrx_word' id='word_1_61' title='bbox 378 1508 412 1569; x_wconf 80' lang='lat' dir='ltr'><strong>et</strong></span> <span class='ocrx_word' id='word_1_62' title='bbox 424 1503 523 1586; x_wconf 73' lang='lat' dir='ltr'><strong>magii</strong></span> <span class='ocrx_word' id='word_1_63' title='bbox 535 1504 611 1569; x_wconf 82' lang='lat' dir='ltr'><strong>haec</strong></span> <span class='ocrx_word' id='word_1_64' title='bbox 623 1505 722 1581; x_wconf 78' lang='lat' dir='ltr'><strong>uobis,</strong></span> <span class='ocrx_word' id='word_1_65' title='bbox 738 1508 771 1569; x_wconf 80' lang='lat' dir='ltr'><strong>et</strong></span> <span class='ocrx_word' id='word_1_66' title='bbox 781 1505 885 1588; x_wconf 84' lang='lat' dir='ltr'><strong>magia</strong></span> <span class='ocrx_word' id='word_1_67' title='bbox 898 1506 956 1571; x_wconf 90' lang='lat' dir='ltr'><strong>illa</strong></span> <span class='ocrx_word' id='word_1_68' title='bbox 968 1507 1083 1590; x_wconf 75' lang='lat' dir='ltr'><strong>puceu</strong></span> 
     </span>
     <span class='ocr_line' id='line_1_12' title="bbox 340 1602 1091 1688; baseline 0.001 -22"><span class='ocrx_word' id='word_1_69' title='bbox 340 1602 468 1679; x_wconf 73' lang='lat' dir='ltr'><strong>Errant,</strong></span> <span class='ocrx_word' id='word_1_70' title='bbox 483 1604 522 1665; x_wconf 82' lang='lat' dir='ltr'><strong>nt</strong></span> <span class='ocrx_word' id='word_1_71' title='bbox 532 1602 633 1667; x_wconf 78' lang='lat' dir='ltr'><strong>ventis</strong></span> <span class='ocrx_word' id='word_1_72' title='bbox 646 1602 839 1667; x_wconf 76' lang='lat' dir='ltr'><strong>discordibus</strong></span> <span class='ocrx_word' id='word_1_73' title='bbox 852 1608 924 1667; x_wconf 80' lang='lat' dir='ltr'><strong>acia</strong></span> <span class='ocrx_word' id='word_1_74' title='bbox 936 1604 1091 1688; x_wconf 74' lang='lat' dir='ltr'>phaselos,</span> 
     </span>
     <span class='ocr_line' id='line_1_13' title="bbox 379 1700 1427 1785; baseline 0 -22"><span class='ocrx_word' id='word_1_75' title='bbox 379 1700 1072 1785; x_wconf 77' lang='lat' dir='ltr'><strong>dividuumqueteneutallerelalteramor.</strong></span> <span class='ocrx_word' id='word_1_76' title='bbox 1388 1703 1427 1763; x_wconf 90' lang='lat'><strong>10</strong></span> 
     </span>
     <span class='ocr_line' id='line_1_14' title="bbox 341 1785 1167 1880; baseline 0.002 -20"><span class='ocrx_word' id='word_1_77' title='bbox 341 1797 425 1874; x_wconf 79' lang='lat' dir='ltr'><strong>Quid</strong></span> <span class='ocrx_word' id='word_1_78' title='bbox 438 1785 585 1880; x_wconf 76' lang='lat' dir='ltr'><strong>geminae,</strong></span> <span class='ocrx_word' id='word_1_79' title='bbox 600 1797 747 1880; x_wconf 80' lang='lat' dir='ltr'><strong>Erycina,</strong></span> <span class='ocrx_word' id='word_1_80' title='bbox 762 1817 847 1862; x_wconf 87' lang='lat' dir='ltr'><strong>mooe</strong></span> <span class='ocrx_word' id='word_1_81' title='bbox 860 1799 929 1863; x_wconf 85' lang='lat' dir='ltr'><strong>aine</strong></span> <span class='ocrx_word' id='word_1_82' title='bbox 943 1800 1007 1863; x_wconf 89' lang='lat' dir='ltr'><strong>fine</strong></span> <span class='ocrx_word' id='word_1_83' title='bbox 1020 1799 1167 1862; x_wconf 77' lang='lat' dir='ltr'><strong>dolores?</strong></span> 
     </span>
     <span class='ocr_line' id='line_1_15' title="bbox 381 1895 1033 1980; baseline 0 -21"><span class='ocrx_word' id='word_1_84' title='bbox 381 1895 496 1959; x_wconf 86' lang='lat' dir='ltr'><strong>Nonne</strong></span> <span class='ocrx_word' id='word_1_85' title='bbox 507 1895 620 1958; x_wconf 82' lang='lat' dir='ltr'><strong>eratin</strong></span> <span class='ocrx_word' id='word_1_86' title='bbox 632 1915 722 1980; x_wconf 78' lang='lat' dir='ltr'><strong>curae</strong></span> <span class='ocrx_word' id='word_1_87' title='bbox 734 1915 799 1959; x_wconf 86' lang='lat' dir='ltr'><strong>una</strong></span> <span class='ocrx_word' id='word_1_88' title='bbox 811 1896 919 1978; x_wconf 89' lang='lat' dir='ltr'><strong>puella</strong></span> <span class='ocrx_word' id='word_1_89' title='bbox 931 1896 1033 1961; x_wconf 78' lang='lat' dir='ltr'><strong>salis?</strong></span> 
     </span>
     <span class='ocr_line' id='line_1_16' title="bbox 342 1991 1124 2076; baseline 0.003 -20"><span class='ocrx_word' id='word_1_90' title='bbox 342 1992 426 2070; x_wconf 79' lang='lat' dir='ltr'><strong>Quid</strong></span> <span class='ocrx_word' id='word_1_91' title='bbox 439 1991 516 2056; x_wconf 80' lang='lat' dir='ltr'><strong>lolia</strong></span> <span class='ocrx_word' id='word_1_92' title='bbox 525 1992 695 2071; x_wconf 72' lang='lat' dir='ltr'><strong>arboribus,</strong></span> <span class='ocrx_word' id='word_1_93' title='bbox 711 1992 790 2076; x_wconf 82' lang='lat' dir='ltr'><strong>quid</strong></span> <span class='ocrx_word' id='word_1_94' title='bbox 801 1994 898 2076; x_wconf 91' lang='lat' dir='ltr'><strong>pleno</strong></span> <span class='ocrx_word' id='word_1_95' title='bbox 911 1992 1013 2058; x_wconf 82' lang='lat' dir='ltr'><strong>uidere</strong></span> <span class='ocrx_word' id='word_1_96' title='bbox 1027 1994 1124 2071; x_wconf 88' lang='lat' dir='ltr'><strong>caelo,</strong></span> 
     </span>
     <span class='ocr_line' id='line_1_17' title="bbox 381 2089 1079 2175; baseline 0.001 -22"><span class='ocrx_word' id='word_1_97' title='bbox 381 2089 416 2153; x_wconf 90' lang='lat' dir='ltr'><strong>in</strong></span> <span class='ocrx_word' id='word_1_98' title='bbox 428 2090 511 2154; x_wconf 77' lang='lat' dir='ltr'><strong>hela</strong></span> <span class='ocrx_word' id='word_1_99' title='bbox 521 2090 674 2155; x_wconf 83' lang='lat' dir='ltr'><strong>oonleelea</strong></span> <span class='ocrx_word' id='word_1_100' title='bbox 685 2090 750 2155; x_wconf 78' lang='lat' dir='ltr'><strong>alta</strong></span> <span class='ocrx_word' id='word_1_101' title='bbox 762 2089 841 2172; x_wconf 87' lang='lat' dir='ltr'><strong>quid</strong></span> <span class='ocrx_word' id='word_1_102' title='bbox 854 2091 946 2155; x_wconf 80' lang='lat' dir='ltr'><strong>addin</strong></span> <span class='ocrx_word' id='word_1_103' title='bbox 958 2093 1079 2175; x_wconf 78' lang='lat' dir='ltr'><strong>aquae?</strong></span> 
     </span>
    </p>
   </div>
   <div class='ocr_carea' id='block_1_5' title="bbox 371 2438 1397 2664">
    <p class='ocr_par' dir='ltr' id='par_1_5' title="bbox 371 2438 1397 2664">
     <span class='ocr_line' id='line_1_18' title="bbox 371 2438 1397 2505; baseline 0.006 -7"><span class='ocrx_word' id='word_1_104' title='bbox 371 2443 405 2500; x_wconf 83' lang='lat'><strong>8.</strong></span> <span class='ocrx_word' id='word_1_105' title='bbox 440 2438 602 2502; x_wconf 74' lang='lat' dir='ltr'><em>ELEGY</em></span> <span class='ocrx_word' id='word_1_106' title='bbox 635 2438 701 2505; x_wconf 84' lang='grc' dir='ltr'><strong>ΟΝ</strong></span> <span class='ocrx_word' id='word_1_107' title='bbox 733 2439 827 2501; x_wconf 72' lang='lat' dir='ltr'><strong>THE</strong></span> <span class='ocrx_word' id='word_1_108' title='bbox 857 2440 1025 2503; x_wconf 76' lang='lat' dir='ltr'><em>DEATH</em></span> <span class='ocrx_word' id='word_1_109' title='bbox 1060 2440 1122 2503; x_wconf 77' lang='lat' dir='ltr'><strong>OF</strong></span> <span class='ocrx_word' id='word_1_110' title='bbox 1154 2439 1397 2504; x_wconf 77' lang='lat' dir='ltr'><strong><em>TIBULLUS.</em></strong></span> 
     </span>
     <span class='ocr_line' id='line_1_19' title="bbox 789 2605 979 2664; baseline 0 -2"><span class='ocrx_word' id='word_1_111' title='bbox 789 2614 852 2662; x_wconf 76' lang='lat' dir='ltr'><strong>an.</strong></span> <span class='ocrx_word' id='word_1_112' title='bbox 869 2616 926 2663; x_wconf 88' lang='lat'>111.</span> <span class='ocrx_word' id='word_1_113' title='bbox 950 2605 979 2664; x_wconf 89' lang='lat'><strong>9.</strong></span> 
     </span>
    </p>
   </div>
   <div class='ocr_carea' id='block_1_6' title="bbox 342 2758 1180 4112">
    <p class='ocr_par' dir='ltr' id='par_1_6' title="bbox 343 2758 1123 2938">
     <span class='ocr_line' id='line_1_20' title="bbox 343 2758 1123 2842; baseline 0 -20"><span class='ocrx_word' id='word_1_114' title='bbox 343 2758 513 2823; x_wconf 86' lang='lat' dir='ltr'><strong>Memnona</strong></span> <span class='ocrx_word' id='word_1_115' title='bbox 524 2758 550 2822; x_wconf 87' lang='lat' dir='ltr'><strong>ei</strong></span> <span class='ocrx_word' id='word_1_116' title='bbox 562 2761 671 2836; x_wconf 77' lang='lat' dir='ltr'><strong>maier,</strong></span> <span class='ocrx_word' id='word_1_117' title='bbox 687 2759 788 2823; x_wconf 78' lang='lat' dir='ltr'><strong>maier</strong></span> <span class='ocrx_word' id='word_1_118' title='bbox 800 2759 939 2842; x_wconf 72' lang='lat' dir='ltr'><strong>ploravit</strong></span> <span class='ocrx_word' id='word_1_119' title='bbox 951 2759 1123 2836; x_wconf 79' lang='lat' dir='ltr'><strong>Achillem,</strong></span> 
     </span>
     <span class='ocr_line' id='line_1_21' title="bbox 382 2854 1002 2938; baseline 0 -18"><span class='ocrx_word' id='word_1_120' title='bbox 382 2859 415 2920; x_wconf 80' lang='lat' dir='ltr'><strong>ei</strong></span> <span class='ocrx_word' id='word_1_121' title='bbox 428 2859 565 2938; x_wconf 74' lang='lat' dir='ltr'><strong>tangunt</strong></span> <span class='ocrx_word' id='word_1_122' title='bbox 576 2877 704 2938; x_wconf 83' lang='lat' dir='ltr'><strong>magnae</strong></span> <span class='ocrx_word' id='word_1_123' title='bbox 717 2854 821 2919; x_wconf 70' lang='lat' dir='ltr'><strong>tristia</strong></span> <span class='ocrx_word' id='word_1_124' title='bbox 833 2855 904 2920; x_wconf 80' lang='lat' dir='ltr'><strong>lata</strong></span> <span class='ocrx_word' id='word_1_125' title='bbox 916 2857 1002 2934; x_wconf 86' lang='lat' dir='ltr'><strong>deae,</strong></span> 
     </span>
    </p>

    <p class='ocr_par' dir='ltr' id='par_1_7' title="bbox 343 2952 1093 3116">
     <span class='ocr_line' id='line_1_22' title="bbox 343 2952 1028 3037; baseline 0 -22"><span class='ocrx_word' id='word_1_126' title='bbox 343 2953 454 3017; x_wconf 83' lang='lat' dir='ltr'><strong>flebilia</strong></span> <span class='ocrx_word' id='word_1_127' title='bbox 466 2952 619 3036; x_wconf 76' lang='lat' dir='ltr'><strong>indiguos,</strong></span> <span class='ocrx_word' id='word_1_128' title='bbox 635 2953 773 3036; x_wconf 81' lang='lat' dir='ltr'><strong>Elegeia,</strong></span> <span class='ocrx_word' id='word_1_129' title='bbox 789 2953 878 3017; x_wconf 78' lang='lat' dir='ltr'><strong>eolre</strong></span> <span class='ocrx_word' id='word_1_130' title='bbox 887 2953 1028 3037; x_wconf 86' lang='lat' dir='ltr'><strong>capilloe.</strong></span> 
     </span>
     <span class='ocr_line' id='line_1_23' title="bbox 382 3049 1093 3116; baseline 0.001 -2"><span class='ocrx_word' id='word_1_131' title='bbox 382 3050 451 3114; x_wconf 87' lang='lat' dir='ltr'><strong>Ahi</strong></span> <span class='ocrx_word' id='word_1_132' title='bbox 471 3049 564 3114; x_wconf 87' lang='lat' dir='ltr'><strong>nimia</strong></span> <span class='ocrx_word' id='word_1_133' title='bbox 575 3071 614 3115; x_wconf 86' lang='lat' dir='ltr'><strong>ex</strong></span> <span class='ocrx_word' id='word_1_134' title='bbox 626 3055 699 3114; x_wconf 79' lang='lat' dir='ltr'><strong>reio</strong></span> <span class='ocrx_word' id='word_1_135' title='bbox 712 3071 799 3114; x_wconf 89' lang='lat' dir='ltr'><strong>nunc</strong></span> <span class='ocrx_word' id='word_1_136' title='bbox 812 3050 872 3115; x_wconf 79' lang='lat' dir='ltr'><strong>tibi</strong></span> <span class='ocrx_word' id='word_1_137' title='bbox 886 3071 1003 3116; x_wconf 91' lang='lat' dir='ltr'><strong>nomen</strong></span> <span class='ocrx_word' id='word_1_138' title='bbox 1016 3051 1093 3115; x_wconf 77' lang='lat' dir='ltr'><strong>erili</strong></span> 
     </span>
    </p>

    <p class='ocr_par' dir='ltr' id='par_1_8' title="bbox 342 3147 1030 3231">
     <span class='ocr_line' id='line_1_24' title="bbox 342 3147 1030 3231; baseline 0.003 -21"><span class='ocrx_word' id='word_1_139' title='bbox 342 3147 683 3231; x_wconf 79' lang='lat' dir='ltr'><strong>Illetuivaleeoperie,</strong></span> <span class='ocrx_word' id='word_1_140' title='bbox 698 3148 864 3225; x_wconf 77' lang='lat' dir='ltr'><strong>inclama,</strong></span> <span class='ocrx_word' id='word_1_141' title='bbox 881 3148 1030 3216; x_wconf 75' lang='lat' dir='ltr'><strong>Tibullus</strong></span> 
     </span>
    </p>

    <p class='ocr_par' dir='ltr' id='par_1_9' title="bbox 345 3243 1049 3328">
     <span class='ocr_line' id='line_1_25' title="bbox 345 3243 1049 3328; baseline 0.001 -21"><span class='ocrx_word' id='word_1_142' title='bbox 345 3306 351 3318; x_wconf 79' lang='grc'><em>,</em></span> <span class='ocrx_word' id='word_1_143' title='bbox 381 3245 472 3308; x_wconf 76' lang='lat' dir='ltr'><strong>ardet</strong></span> <span class='ocrx_word' id='word_1_144' title='bbox 484 3243 519 3308; x_wconf 93' lang='lat' dir='ltr'><strong>iu</strong></span> <span class='ocrx_word' id='word_1_145' title='bbox 530 3248 697 3320; x_wconf 75' lang='lat' dir='ltr'><strong>exstructo,</strong></span> <span class='ocrx_word' id='word_1_146' title='bbox 712 3264 825 3327; x_wconf 79' lang='lat' dir='ltr'><strong>eorpus</strong></span> <span class='ocrx_word' id='word_1_147' title='bbox 838 3245 945 3323; x_wconf 90' lang='lat' dir='ltr'><strong>inane,</strong></span> <span class='ocrx_word' id='word_1_148' title='bbox 961 3265 1049 3328; x_wconf 88' lang='lat' dir='ltr'><strong>rogo.</strong></span> 
     </span>
    </p>

    <p class='ocr_par' dir='ltr' id='par_1_10' title="bbox 343 3341 1152 3504">
     <span class='ocr_line' id='line_1_26' title="bbox 343 3341 1152 3427; baseline -0.001 -20"><span class='ocrx_word' id='word_1_149' title='bbox 343 3342 436 3419; x_wconf 87' lang='lat' dir='ltr'><strong>Ecce,</strong></span> <span class='ocrx_word' id='word_1_150' title='bbox 452 3341 666 3425; x_wconf 87' lang='lat' dir='ltr'><strong>pnerVenerie</strong></span> <span class='ocrx_word' id='word_1_151' title='bbox 677 3343 741 3406; x_wconf 78' lang='lat' dir='ltr'><strong>fert</strong></span> <span class='ocrx_word' id='word_1_152' title='bbox 754 3361 955 3425; x_wconf 84' lang='lat' dir='ltr'><strong>eversamque</strong></span> <span class='ocrx_word' id='word_1_153' title='bbox 968 3343 1152 3427; x_wconf 78' lang='lat' dir='ltr'><strong>pharetram</strong></span> 
     </span>
     <span class='ocr_line' id='line_1_27' title="bbox 383 3439 978 3504; baseline -0.002 -1"><span class='ocrx_word' id='word_1_154' title='bbox 383 3443 417 3504; x_wconf 80' lang='lat' dir='ltr'><strong>et</strong></span> <span class='ocrx_word' id='word_1_155' title='bbox 429 3439 544 3502; x_wconf 77' lang='lat' dir='ltr'><strong>lractoe</strong></span> <span class='ocrx_word' id='word_1_156' title='bbox 555 3459 644 3502; x_wconf 84' lang='lat' dir='ltr'><strong>arcuo</strong></span> <span class='ocrx_word' id='word_1_157' title='bbox 656 3442 689 3502; x_wconf 81' lang='lat' dir='ltr'><strong>et</strong></span> <span class='ocrx_word' id='word_1_158' title='bbox 701 3439 768 3502; x_wconf 89' lang='lat' dir='ltr'><strong>eine</strong></span> <span class='ocrx_word' id='word_1_159' title='bbox 780 3439 852 3502; x_wconf 88' lang='lat' dir='ltr'><strong>luce</strong></span> <span class='ocrx_word' id='word_1_160' title='bbox 864 3440 978 3503; x_wconf 78' lang='lat' dir='ltr'><strong>facem.</strong></span> 
     </span>
    </p>

    <p class='ocr_par' dir='ltr' id='par_1_11' title="bbox 343 3535 1069 3718">
     <span class='ocr_line' id='line_1_28' title="bbox 343 3535 1040 3620; baseline 0 -20"><span class='ocrx_word' id='word_1_161' title='bbox 343 3537 492 3620; x_wconf 85' lang='lat' dir='ltr'><strong>Adepioe,</strong></span> <span class='ocrx_word' id='word_1_162' title='bbox 508 3535 646 3600; x_wconf 86' lang='lat' dir='ltr'><strong>demiaeie</strong></span> <span class='ocrx_word' id='word_1_163' title='bbox 659 3539 697 3599; x_wconf 79' lang='lat' dir='ltr'><strong>ni</strong></span> <span class='ocrx_word' id='word_1_164' title='bbox 708 3539 759 3600; x_wconf 79' lang='lat' dir='ltr'><strong>eal</strong></span> <span class='ocrx_word' id='word_1_165' title='bbox 772 3536 958 3600; x_wconf 82' lang='lat' dir='ltr'><strong>miserabilia</strong></span> <span class='ocrx_word' id='word_1_166' title='bbox 971 3537 1040 3613; x_wconf 84' lang='lat' dir='ltr'><strong>alia,</strong></span> 
     </span>
     <span class='ocr_line' id='line_1_29' title="bbox 383 3633 1069 3718; baseline -0.004 -20"><span class='ocrx_word' id='word_1_167' title='bbox 383 3637 568 3718; x_wconf 74' lang='lat' dir='ltr'><strong>pectoraque</strong></span> <span class='ocrx_word' id='word_1_168' title='bbox 580 3634 695 3698; x_wconf 79' lang='lat' dir='ltr'><strong>infecta</strong></span> <span class='ocrx_word' id='word_1_169' title='bbox 707 3633 823 3716; x_wconf 79' lang='lat' dir='ltr'><strong>lundal</strong></span> <span class='ocrx_word' id='word_1_170' title='bbox 836 3637 946 3716; x_wconf 77' lang='lat' dir='ltr'><strong>aperta</strong></span> <span class='ocrx_word' id='word_1_171' title='bbox 958 3653 1069 3697; x_wconf 87' lang='lat' dir='ltr'><strong>maun.</strong></span> 
     </span>
    </p>

    <p class='ocr_par' dir='ltr' id='par_1_12' title="bbox 344 3729 1180 3914">
     <span class='ocr_line' id='line_1_30' title="bbox 344 3729 1180 3815; baseline -0.006 -20"><span class='ocrx_word' id='word_1_172' title='bbox 344 3730 519 3815; x_wconf 80' lang='lat' dir='ltr'><strong>Excipiunt</strong></span> <span class='ocrx_word' id='word_1_173' title='bbox 530 3731 672 3796; x_wconf 72' lang='lat' dir='ltr'><strong>lacrimas</strong></span> <span class='ocrx_word' id='word_1_174' title='bbox 685 3731 781 3815; x_wconf 76' lang='lat' dir='ltr'><strong>eparci</strong></span> <span class='ocrx_word' id='word_1_175' title='bbox 795 3751 853 3815; x_wconf 86' lang='lat' dir='ltr'><strong>per</strong></span> <span class='ocrx_word' id='word_1_176' title='bbox 865 3731 947 3795; x_wconf 85' lang='lat' dir='ltr'><strong>colla</strong></span> <span class='ocrx_word' id='word_1_177' title='bbox 960 3729 1079 3814; x_wconf 84' lang='lat' dir='ltr'><strong>capilli,</strong></span> <span class='ocrx_word' id='word_1_178' title='bbox 1169 3776 1180 3790; x_wconf 90' lang='lat'><strong><em>.</em></strong></span> 
     </span>
     <span class='ocr_line' id='line_1_31' title="bbox 384 3828 1000 3914; baseline 0 -20"><span class='ocrx_word' id='word_1_179' title='bbox 384 3849 498 3914; x_wconf 79' lang='lat' dir='ltr'><strong>oraque</strong></span> <span class='ocrx_word' id='word_1_180' title='bbox 511 3829 651 3912; x_wconf 72' lang='lat' dir='ltr'><strong>singultu</strong></span> <span class='ocrx_word' id='word_1_181' title='bbox 664 3828 862 3896; x_wconf 80' lang='lat' dir='ltr'><strong>concutiente</strong></span> <span class='ocrx_word' id='word_1_182' title='bbox 877 3832 1000 3894; x_wconf 81' lang='lat' dir='ltr'><strong>acuant.</strong></span> 
     </span>
    </p>

    <p class='ocr_par' dir='ltr' id='par_1_13' title="bbox 344 3925 1065 4112">
     <span class='ocr_line' id='line_1_32' title="bbox 344 3925 1065 3994; baseline -0.003 -4"><span class='ocrx_word' id='word_1_183' title='bbox 344 3925 465 3991; x_wconf 74' lang='lat' dir='ltr'><strong>Fratris</strong></span> <span class='ocrx_word' id='word_1_184' title='bbox 477 3927 512 3991; x_wconf 93' lang='lat' dir='ltr'><strong>in</strong></span> <span class='ocrx_word' id='word_1_185' title='bbox 524 3928 646 3994; x_wconf 82' lang='lat' dir='ltr'><strong>Aeneae</strong></span> <span class='ocrx_word' id='word_1_186' title='bbox 659 3930 703 3994; x_wconf 86' lang='lat' dir='ltr'><strong>eie</strong></span> <span class='ocrx_word' id='word_1_187' title='bbox 717 3929 808 3992; x_wconf 89' lang='lat' dir='ltr'><strong>illum</strong></span> <span class='ocrx_word' id='word_1_188' title='bbox 822 3928 936 3992; x_wconf 73' lang='lat' dir='ltr'><strong>sunere</strong></span> <span class='ocrx_word' id='word_1_189' title='bbox 950 3926 1065 3992; x_wconf 75' lang='lat' dir='ltr'><strong>dicunt</strong></span> 
     </span>
     <span class='ocr_line' id='line_1_33' title="bbox 384 4025 987 4112; baseline -0.002 -22"><span class='ocrx_word' id='word_1_190' title='bbox 384 4045 541 4108; x_wconf 74' lang='lat' dir='ltr'><strong>egressum</strong></span> <span class='ocrx_word' id='word_1_191' title='bbox 553 4027 654 4106; x_wconf 79' lang='lat' dir='ltr'><strong>lentie,</strong></span> <span class='ocrx_word' id='word_1_192' title='bbox 669 4026 801 4112; x_wconf 86' lang='lat' dir='ltr'><strong>pulcher</strong></span> <span class='ocrx_word' id='word_1_193' title='bbox 814 4025 896 4103; x_wconf 80' lang='lat' dir='ltr'><strong>Iule,</strong></span> <span class='ocrx_word' id='word_1_194' title='bbox 915 4025 987 4089; x_wconf 83' lang='lat' dir='ltr'><strong>tuie.</strong></span> 
     </span>
    </p>
   </div>
   <div class='ocr_carea' id='block_1_7' title="bbox 0 0 1673 4462">
    <p class='ocr_par' dir='ltr' id='par_1_14' title="bbox 0 0 1673 4462">
     <span class='ocr_line' id='line_1_34' title="bbox 0 0 1673 4462; baseline 0 0"><span class='ocrx_word' id='word_1_195' title='bbox 0 0 1673 4462; x_wconf 95' lang='lat' dir='ltr'><strong> </strong></span> 
     </span>
    </p>
   </div>
  </div>
 </body>
</html>
