3322 4462
493 251 561 298 run
582 251 729 300 oourusr
749 251 815 299 ron
835 251 903 298 rus
919 239 1015 300 'sans
1035 251 1075 300 or
1095 252 1270 319 nomnpus
1380 255 1419 325 35

339 401 604 487 Opposuimolem
617 401 712 486 clipei
725 402 1019 486 texiqueiaoe'ntsm
1160 472 1165 488 ⁸
1382 413 1421 476 π

337 501 514 585 servavique
527 502 667 566 enimam
682 501 869 585 (minimum
882 505 929 566 est
942 501 1002 566 hoo
1014 503 1128 588 laudis)
1143 505 1288 572 inertem.

336 601 370 665 si
382 605 499 685 perstas
512 606 642 678 certare,
658 603 765 667 looum
778 603 941 667 redeamus
954 601 988 665 in
1002 601 1108 666 illum:

336 695 427 765 redde
441 702 563 766 hostem
577 703 756 786 vulnusque
770 705 865 766 tunm
879 701 1068 785 solitumque
1081 702 1226 768 timorem

334 804 404 882 post
416 800 615 884 clipeumque
628 800 691 864 late
706 804 739 864 et
752 820 878 864 meeum
891 801 1046 864 contende
1059 801 1116 865 sub
1129 802 1194 866 illo.

334 898 380 960 At
391 902 557 982 postquam
570 898 684 982 eripui,
700 898 753 962 oui
768 899 872 962 standi
887 899 1017 964 vulnera
1032 899 1109 964 uires

334 1013 398 1059 non
410 997 572 1071 dederant,
588 996 679 1059 nullo
692 997 837 1060 tardatus
850 997 980 1060 vulnere
992 997 1086 1080 lugit

413 1092 553 1157 ‘Heotor
564 1095 653 1157 adest
666 1114 837 1176 seuumque
851 1095 925 1158 deos
941 1094 976 1157 in
988 1094 1106 1176 proelia
1118 1094 1217 1172 duoit,

334 1210 454 1273 qusque
467 1190 543 1268 ruit,
560 1212 625 1254 non
639 1195 677 1254 tu
689 1195 819 1256 tantum
833 1191 970 1268 terreris,
987 1192 1091 1268 Ulixe,

334 1289 385 1351 sed
399 1290 497 1352 fortes
508 1290 620 1353 etiam:
642 1293 771 1353 tuntum
785 1290 885 1354 trahit
900 1290 954 1354 ille
968 1289 1099 1354 timoris.

335 1387 428 1451 Hune
441 1407 498 1469 ego
511 1387 701 1469 sanguineae
715 1408 859 1452 suooessu
873 1389 976 1452 oaedis
982 1377 1133 1452 orantem

334 1484 453 1549 eminus
466 1484 590 1567 ingenti
604 1485 792 1569 resupinum
805 1487 945 1569 pondere
957 1486 1041 1563 fudi,

333 1582 418 1646 huno
430 1602 487 1664 ego
500 1591 694 1666 poscentem,
710 1604 785 1648 oum
799 1604 861 1666 quo
875 1589 1085 1660 eunoun-eret,
1099 1605 1183 1650 unus

334 1681 476 1758 sustinui,
493 1686 671 1764 sortemque
684 1701 788 1745 meam
801 1682 940 1758 vovistis,
956 1681 1081 1758 thivi,

334 1782 366 1842 et
377 1783 494 1842 restrae
507 1779 634 1842 vnlnere
647 1798 764 1862 preses.
809 1779 844 1853 Si
858 1779 1009 1862 quaeritis
1020 1779 1115 1843 huius

333 1876 492 1940 fortunam
505 1896 642 1959 pugnae,
657 1896 721 1940 non
737 1896 809 1940 sum
822 1879 988 1959 superatus
1000 1877 1040 1940 ab
1053 1877 1118 1940 illo.

335 1974 414 2038 Eous
425 1975 535 2038 ierunt
548 1974 646 2038 Troes
658 1976 843 2057 ferrumque
855 1975 1006 2057 ignesque
1019 1975 1186 2058 Iovemque

334 2071 367 2135 in
380 2073 504 2136 Danaas
517 2073 636 2136 olasses.
680 2072 747 2136 Ubi
760 2092 848 2136 nuno
861 2073 1018 2137 iaaundus
1031 2073 1163 2137 Ulixes?

334 2171 454 2254 Nempe
467 2190 525 2253 ego
538 2170 627 2234 mille
639 2190 710 2234 meo
723 2170 847 2252 protexi
861 2179 986 2254 pectore
998 2189 1128 2254 puppes,

333 2288 417 2350 epam
432 2267 527 2332 vestri
540 2267 671 2331 reditus.
716 2267 798 2331 Dete
815 2271 862 2331 tot
874 2288 932 2350 pro
945 2268 1077 2331 navibus
1089 2289 1185 2331 arma.

335 2365 450 2442 Quodsi
464 2385 536 2429 vera
548 2365 624 2429 lieet
636 2364 718 2428 mihi
731 2365 846 2441 diosus,
863 2365 1025 2447 quaeritur
1038 2365 1115 2440 istis,
1381 2371 1419 2431 95

335 2482 428 2544 quam
441 2462 532 2539 mihi,
547 2462 648 2525 maior
661 2461 772 2539 honos,
788 2462 1019 2544 ooniunotoque
1032 2463 1131 2544 gloria
1142 2466 1251 2526 nostra
1263 2467 1321 2540 est,

334 2563 427 2642 atque
440 2560 522 2623 Aiax
534 2560 641 2634 armis,
658 2579 723 2623 non
736 2558 829 2622 Aiaoi
841 2579 929 2623 arma
942 2563 1104 2642 petuntur.

381 2649 383 2653 ’
413 2657 586 2721 ‘Gonierat
599 2656 650 2720 his
663 2655 794 2719 Ithacus
807 2657 948 2720 Rhesum
962 2657 1178 2740 imbellemque
1192 2658 1318 2722 Dolone

335 2752 574 2835 Priamidenque
588 2753 749 2816 Helenum
763 2757 854 2836 rapta
868 2773 941 2815 oum
955 2753 1082 2818 Pallade
1094 2758 1238 2837 oaptum:

333 2850 401 2914 luos
413 2849 496 2913 nihil
509 2853 645 2932 gestum,
662 2849 745 2913 nihil
760 2854 809 2913 eet
822 2850 976 2915 Diomede
989 2856 1117 2916 remoto.
1360 2857 1419 2917 100

334 2947 367 3012 si
379 2949 473 3012 semel
485 2948 546 3012 ista
558 2948 644 3036 datis
655 2947 777 3018 meritis
795 2951 861 3010 tam
876 2948 990 3011 vilibus
1003 2969 1098 3026 arma,

333 3045 472 3122 dividite,
489 3048 523 3109 ot
535 3067 608 3128 pars
621 3047 663 3108 sit
675 3045 777 3109 maior
791 3046 954 3110 Diomedis
967 3046 1003 3108 in
1016 3046 1085 3110 illis

334 3143 400 3218 uuo
412 3146 520 3206 tamen
532 3143 610 3206 haee
623 3143 746 3219 Ithaoo,
762 3142 819 3225 qui
833 3145 926 3219 olam,
943 3144 997 3227 qui
1011 3164 1130 3227 semper
1143 3145 1273 3208 inermis

332 3260 397 3304 rem
410 3239 492 3322 gerit
504 3244 537 3304 et
550 3239 646 3303 lurtis
659 3239 826 3302 iuoautnm
840 3241 959 3324 deoipit
971 3240 1116 3305 hostem?

333 3337 402 3418 Ipse
415 3337 500 3400 nitor
513 3338 620 3418 galeae
634 3337 718 3400 olaro
734 3337 888 3400 radiantis
900 3338 940 3401 ab
953 3359 1029 3402 auro

333 3435 460 3498 insidias
472 3436 585 3517 prodet
598 3435 877 3518 manifestabitque
886 3435 1049 3500 latentem.

334 3533 393 3596 Sed
405 3553 508 3616 nsque
521 3533 691 3597 Duliohius
704 3534 763 3597 sub
776 3533 912 3597 thsslis
924 3534 1041 3598 oaaside
1053 3538 1160 3599 vertex

333 3632 468 3713 pondera
481 3634 572 3694 tanta
584 3633 676 3720 feret,
692 3651 751 3695 neo
763 3651 829 3695 non
843 3652 972 3696 onerosa
985 3633 1147 3715 gravisque

334 3729 432 3810 Pelias
444 3730 535 3794 hasta
547 3719 844 3812 poteet'imbellibus
857 3751 921 3794 esse
933 3731 1066 3806 lauertis

333 3848 389 3893 neo
401 3829 520 3912 elipeus
530 3827 610 3892 vasti
624 3830 761 3893 caelatus
775 3829 913 3913 imagine
927 3830 1040 3893 mundi

333 3928 494 3993 conveniet
507 3927 638 3992 timidae
651 3932 806 4012 nataeque
820 3930 861 3992 ad
874 3921 964 3992 furta
975 3928 1125 3992 sinistrae.

334 4025 578 4090 Debilitatnrum
594 4027 672 4109 quid
687 4030 719 4091 ta
732 4026 824 4110 petis,
841 4026 992 4110 improbe,
1008 4028 1164 4090 munus‘l·
