3322 4462
704 241 822 297 ΗΒΕΑ
841 243 882 289 ΤΟ
903 243 1023 292 tesort.

319 395 434 480 Iungis
447 399 481 461 et
493 394 655 480 aeripedes
667 394 812 459 inadusto
825 413 954 478 oorpore
967 398 1075 458 tauros

360 499 394 559 et
406 495 541 559 solidum
554 493 640 558 iusso
654 511 777 556 vomere
789 492 883 554 lindis
897 491 1043 554 humum.

320 592 408 656 Arre
420 591 584 672 venenatis
597 609 656 672 pro
670 589 786 654 semine
799 589 946 654 dentibus
959 589 1087 672 imples:

360 689 503 754 neseitnr
516 691 550 753 et
563 687 684 772 gladios
697 690 844 770 sorteque
857 687 946 750 miles
960 687 1063 772 babet.

320 787 396 871 Ipse
407 806 478 870 ego,
495 806 576 870 quse
589 785 737 849 dederam
749 778 967 860 mediosmine,
982 785 1101 868 pellids
1114 785 1192 861 sedi,

361 904 436 948 enm
450 884 518 948 ridi
531 882 653 947 subitos
666 902 753 945 orme
765 885 870 947 tenere
884 882 980 946 virosr

321 983 422 1045 donee
435 981 613 1063 terrigenae
626 1017 666 1029 -
679 979 802 1043 isoinns
814 979 970 1043 mirabile!
984 1015 1026 1028 -
1038 980 1153 1043 iratres

361 1079 447 1143 inter
507 1078 632 1142 striotes
646 1096 827 1142 conseruere
839 1096 960 1140 monus

322 1176 457 1260 Insopor
469 1195 540 1240 eoos
551 1175 630 1256 vigil
644 1173 780 1258 squamis
792 1173 1021 1257 crepitantibus
1034 1176 1166 1240 horrens

362 1273 479 1349 sibilet,
495 1275 528 1337 et
540 1275 626 1336 torto
638 1272 764 1355 p'eutore
776 1272 873 1334 verrit
885 1272 1034 1336 humum.

322 1371 416 1437 Dotis
430 1391 504 1454 opes
517 1370 573 1434 ubi
587 1372 701 1434 erent?
740 1369 806 1434 Ubi
818 1373 886 1434 erut
900 1370 959 1439 tibi
973 1371 1060 1453 regio
1072 1372 1224 1449 oouiunx,

362 1469 481 1554 quique
494 1469 592 1532 maris
605 1468 725 1550 gemini
737 1467 868 1532 distinet
881 1469 1020 1534 Isthmos
1033 1473 1152 1553 equae?

321 1567 382 1632 Ille
395 1587 465 1649 ego,
482 1587 562 1650 queo
576 1566 635 1630 tibi
650 1587 720 1629 sum
733 1585 819 1629 nuno
832 1567 967 1650 denique
980 1569 1112 1632 borbore
1124 1571 1221 1644 teoto,

362 1685 451 1728 nuno
464 1663 524 1728 tibi
538 1684 609 1727 snm
622 1683 753 1747 pauper,
768 1683 855 1726 nuno
868 1664 927 1726 tibi
940 1664 1007 1728 vise
1021 1685 1147 1741 nouere,

321 1761 468 1838 flemmee
481 1760 618 1824 subduxi
633 1761 786 1823 medionto
798 1759 922 1847 lumine
933 1781 1054 1838 somno,

362 1862 396 1923 et
409 1859 479 1934 tibi,
496 1877 577 1942 quse
591 1877 725 1940 raperes,
740 1858 853 1922 vellere
865 1861 938 1920 tute
950 1859 1033 1923 dedi.

323 1957 475 2020 Proditus
487 1960 535 2020 est
548 1955 683 2038 genitor,
698 1976 831 2038 regnum
844 1956 1042 2040 petriemqne
1056 1957 1181 2041 reliqui,

337 2055 571 2142 ¹optimeoum
585 2073 657 2116 esre
669 2057 769 2117 metro
782 2052 891 2116 reliote
903 2073 998 2117 soror.
1100 2082 1101 2086 ¹
1273 2119 1277 2135 ξ

323 2152 370 2215 At
382 2172 449 2215 non
463 2154 496 2215 te
508 2151 637 2232 lugiem
650 2150 717 2214 sine
730 2170 791 2227 me,
806 2171 964 2233 germane,
981 2151 1104 2234 reliqui.
1127 2137 1149 2209 ἶ
1220 2191 1231 2201 -
1272 2146 1293 2230 ξ

364 2249 482 2312 Defieit
494 2249 556 2312 hoo
569 2268 635 2310 uno
647 2248 755 2312 littero
766 2253 874 2311 nostre
885 2249 965 2311 loeo.

325 2345 417 2423 Quod
431 2347 534 2408 lesere
547 2365 624 2408 uuse
637 2365 706 2408 mes
718 2348 776 2421 est,
791 2365 856 2408 non
868 2346 965 2409 sudet
979 2347 1112 2409 seribere
1125 2349 1247 2418 dextre

365 2443 419 2507 Sie
432 2463 502 2525 ego,
517 2444 573 2506 ssd
586 2445 703 2518 tecum,
719 2442 916 2507 dileoeronde
928 2443 987 2507 iui.

324 2542 358 2606 N
358 2561 394 2605 eo
408 2545 516 2604 temen
530 2541 665 2603 extimui
678 2577 719 2590 -
732 2540 808 2622 quid
821 2540 907 2603 euim
922 2545 993 2624 post
1006 2541 1063 2604 ills
1075 2543 1246 2605 timerem?
1258 2581 1300 2592 -

365 2639 492 2702 eredere
504 2658 557 2701 me
569 2637 682 2720 pelago
695 2637 824 2712 lemine,
839 2637 964 2720 iamque
978 2658 1104 2702 noeens.

324 2734 456 2798 Numen
470 2733 526 2797 ubi
540 2735 612 2805 est?
652 2733 717 2796 Ubi
731 2733 789 2795 di?
828 2733 958 2797 Meritus
971 2736 1139 2800 subeamus
1151 2737 1187 2798 in
1200 2739 1266 2806 alto

363 2835 402 2908 tu
415 2832 540 2895 ireudis
553 2851 680 2914 poenes,
696 2829 890 2894 credulitatis
899 2843 970 2914 ego,

325 2930 526 3012 Compressos
538 2928 664 2991 utinam
679 2927 899 3010 Symplegades
911 2929 1077 3006 elisisserrt,

364 3031 534 3109 nostreque
549 3025 756 3111 adbaererent
768 3025 886 3088 ossibus
899 3045 967 3089 osse
980 3027 1055 3103 tuis,

323 3127 381 3188 eut
393 3143 453 3187 nos
468 3122 573 3205 Scylla
586 3113 683 3205 repen
696 3122 825 3185 oenibus
838 3123 973 3186 misisset
985 3125 1137 3193 edendos!

281 3218 303 3264 '·
364 3219 486 3284 Debuit
499 3219 635 3300 ingratis
650 3219 753 3301 Soylls
764 3239 874 3283 uouere
889 3219 974 3282 viris.

325 3316 475 3399 Quaeque
487 3316 591 3380 vomit
604 3316 736 3380 totidem
749 3316 864 3380 fluetus
877 3317 1073 3400 totidemque
1086 3320 1236 3396 resorbet,
1361 3325 1419 3384 125

364 3434 423 3477 nos
438 3433 563 3497 quoque
578 3412 758 3476 Trineerise
770 3413 982 3497 subposuisset
995 3417 1107 3496 eques!
1157 3478 1160 3482 ,

326 3511 438 3602 ¹Sospes
451 3512 493 3575 ed
507 3511 700 3575 Haemonius
713 3510 871 3594 victorque
884 3511 1049 3581 reverteris
1062 3514 1169 3577 urbes:

332 3609 336 3617 '
364 3609 498 3692 ponitur
512 3608 553 3672 sd
567 3608 686 3692 patrios
698 3629 791 3672 auree
803 3610 876 3673 leun
888 3610 972 3672 dous.

325 3706 411 3784 Quid
427 3707 562 3771 referem
577 3706 682 3770 Peliae
694 3710 783 3771 netes
796 3707 912 3790 pietate
925 3712 1075 3771 nooeutes

365 3826 516 3889 essesque
531 3805 674 3888 virginee
686 3806 825 3869 membro
837 3809 970 3889 paterne
982 3809 1105 3869 menn?

324 3905 373 3968 Ut
386 3905 520 3987 eulpent
533 3905 599 3980 elii,
618 3904 676 3980 tibi
689 3923 740 3982 me
753 3904 879 3968 laudere
894 3924 1016 3968 neeesse
1029 3909 1087 3979 est,

292 4038 295 4046 ·
364 4022 423 4087 pro
439 4023 501 4087 quo
516 4023 587 4068 sum
602 4003 718 4067 totiens
731 4023 795 4066 esse
807 4006 914 4066 ooeote
927 4021 1052 4065 nocens.
