3322 4462
218 241 261 310 74
412 240 440 286 Ρ.
463 239 575 287 ovum
595 238 747 290 nasoms
767 238 929 288 sauma
949 238 1107 288 sunnon.

219 388 317 454 Ouria
330 390 479 469 restabat3
499 389 578 454 olari
590 410 738 454 mensura
751 394 856 455 ooaeta
868 394 930 455 est:

259 487 362 552 maius
374 491 442 552 erat
453 487 567 552 nostris
579 488 698 552 viribus
711 488 792 552 illud
806 509 894 554 onus.

218 587 289 650 Neo
303 585 426 669 patiens
439 606 550 668 eorpus
563 605 619 650 nee
632 606 722 651 mons
735 586 800 650 fuit
812 592 887 670 apta
899 587 1009 664 labori,
1042 671 1048 679 ἢ

259 684 470 768 sollicitaeque
482 684 580 767 fugax
591 684 773 749 ambitionis
785 705 884 764 eram3

219 784 253 846 et
265 785 372 865 petere
385 781 503 846 Aoniae
515 784 687 864 suadebant
701 785 772 846 tnta
784 801 902 846 sorores

260 879 336 955 otia,
352 879 469 943 iudioio
481 899 600 962 semper
612 882 719 944 amata
729 893 809 943 meo.

221 975 386 1060 Temporis
399 975 484 1040 illius
495 976 576 1040 uolui
590 976 718 1060 forique
731 979 847 1058 poetas,

261 1076 401 1156 quotque
413 1074 542 1137 adeunt
554 1077 648 1151 vates,
664 1075 756 1138 rebar
767 1074 871 1138 adesm
884 1075 967 1138 deos.

221 1171 320 1252 Saepe
334 1191 406 1234 suas
419 1171 556 1235 volueres
568 1170 646 1254 legit
658 1171 741 1234 mihi
753 1171 902 1254 grandior
913 1191 1000 1248 aeuo,

261 1288 402 1352 quaeque
415 1271 506 1332 noeet
518 1288 654 1351 serpens,
671 1289 751 1352 quae
764 1267 852 1332 iuuat
865 1269 971 1345 herba,
988 1268 1105 1334 Maoer.

222 1365 320 1450 Saepe
335 1385 407 1429 suos
419 1365 528 1430 solitus
540 1365 669 1430 recitem
684 1365 865 1450 Propertius
878 1366 978 1449 ignes,

261 1462 330 1556 iuge
344 1462 483 1557 sodalioii
495 1462 551 1546 qui
563 1463 643 1526 milri
656 1463 786 1527 iunotus
799 1467 875 1528 erat.

221 1560 374 1625 Pontinus
386 1559 490 1637 heroo,
506 1560 617 1624 Bassus
631 1581 757 1644 quoqne
770 1563 872 1625 olarus
884 1561 997 1625 iambis

262 1657 369 1722 duloia
381 1658 541 1721 convietus
552 1658 693 1722 membra
705 1659 795 1722 fuere
807 1659 885 1736 mei3

221 1758 255 1820 et
268 1743 376 1818 tenuit
389 1757 509 1818 nostras
520 1775 704 1819 numerosus
717 1755 870 1819 Horatius
881 1775 984 1832 aures,
998 1783 1008 1792 ·

263 1853 341 1915 dum
355 1851 431 1916 ierit
443 1852 582 1916 Ausonia
594 1852 735 1916 earmina
746 1853 833 1916 eulta
845 1853 921 1935 lyra.

221 1949 403 2031 Vergilium
415 1949 481 2012 vidi
493 1951 628 2025 tantum,
645 1969 704 2013 nee
717 1969 822 2013 amara
835 1950 963 2014 Tibullo

262 2049 390 2130 tempus
402 2047 555 2110 amioitiae
568 2048 634 2110 iata
646 2047 761 2111 dedere
774 2067 868 2111 meae.

223 2144 388 2209 Sueeessor
400 2144 465 2208 fuit
475 2143 529 2208 bio
541 2144 611 2220 tibi,
627 2143 727 2221 Galle,
744 2144 926 2228 Propertius
938 2143 1002 2223 illi;

263 2244 395 2325 quartus
407 2242 446 2306 ab
459 2242 508 2305 his
521 2241 597 2306 serie
611 2243 762 2324 temporis
774 2229 841 2325 ipse
853 2243 914 2306 rui.

221 2338 332 2422 thue
345 2359 403 2420 ego
415 2339 554 2416 maiores,
569 2339 614 2402 sio
626 2360 677 2418 me
691 2340 813 2403 uoluere
826 2340 973 2415 minores,

262 2441 400 2519 notaque
412 2456 477 2499 non
489 2437 577 2500 tarde
589 2437 674 2500 iaetu
689 2436 803 2500 Thalia
814 2457 885 2500 mea
896 2438 953 2500 est.

224 2533 374 2598 Carmina
385 2554 459 2598 oum
470 2533 609 2616 primum
622 2534 741 2616 populo
754 2533 912 2597 iuvenalia
924 2533 998 2616 legi,

262 2631 359 2694 barba
372 2634 488 2695 reseeta
499 2630 579 2693 milri
592 2630 677 2695 bisve
691 2631 824 2694 semelve
836 2633 912 2694 fuit.

223 2728 368 2791 Moverat
381 2727 543 2810 ingenium
555 2731 655 2791 totam
671 2731 799 2791 eanuta
810 2748 866 2810 per
880 2728 991 2791 urbem

264 2824 393 2888 nomine
407 2843 471 2888 uon
484 2844 557 2888 vero
569 2823 655 2887 dieta
669 2824 808 2888 Corinna
820 2823 910 2888 mihi.

194 2979 196 2983 ,
224 2921 331 2985 Multa
344 2921 471 3003 quidem
484 2920 607 3004 seripsi;
629 2921 682 2986 sed
697 2941 776 3004 qnae
789 2921 902 2986 vitiosa
913 2921 1037 3005 putavi,

264 3017 478 3082 emendaturis
489 3018 614 3100 ignibus
626 3017 695 3100 ipse
708 3017 807 3083 dedi.'

224 3116 318 3180 Tune
332 3135 465 3199 quoque,
480 3135 553 3178 oum
565 3116 720 3196 fugerem,
736 3117 888 3198 quaedam
900 3116 1058 3198 placitura
1068 3077 1208 3290 Quoi

264 3212 366 3276 iratus
379 3212 483 3276 studio
496 3211 748 3295 earminibusque
761 3211 847 3276 meis.

225 3310 322 3374 Molle
336 3302 519 3391 Cupidineis
532 3329 590 3372 nee
602 3309 845 3392 inexpugnabile
859 3310 930 3373 ielis
1276 3316 1315 3375 65

264 3426 319 3471 eor
331 3406 423 3482 mihi,
438 3407 582 3490 quodque
594 3407 670 3470 levis
684 3426 777 3470 eausa
789 3409 938 3483 moveret,
954 3412 1033 3470 erat.

225 3505 307 3568 (lum
322 3507 429 3568 tamen
443 3504 495 3568 lrio
507 3524 613 3580 omem,
629 3505 823 3587 minimoque
836 3505 1021 3569 accenderer
1033 3505 1114 3588 igni,

264 3601 395 3682 nomine
408 3602 465 3665 sub
479 3605 584 3666 nostro
596 3603 706 3665 tabula
719 3603 807 3665 nulla
819 3603 893 3668 fuit.

225 3699 328 3762 Paene
341 3699 423 3762 mihi
435 3719 533 3782 puero
546 3714 604 3763 neo
617 3699 715 3782 dignu
727 3720 785 3763 neo
798 3700 887 3763 utilis
900 3721 980 3764 uxor

264 3797 409 3874 subdote,
426 3797 1019 3881 quaetsmpusperbrevenuptaiuit.
1277 3799 1316 3864 uo

224 3893 279 3958 Illi
293 3894 449 3972 sueoessit,
466 3894 606 3978 quamvis
618 3893 686 3959 sins
699 3895 831 3960 erimine
844 3895 994 3972 coniunx,

265 4013 330 4057 non
344 3997 451 4059 tamen
462 3993 498 4057 iu
510 3995 616 4058 nostro
629 3994 722 4058 firma
734 3994 844 4063 lutura
857 3998 937 4061 toro.
