3360 4472
564 255 740 306 anovnsss
760 254 837 306 nun
857 255 963 304 suom
982 254 1192 305 ammons.
1386 243 1427 324 83

858 411 907 473 46.

334 539 447 605 Ardua
458 559 517 624 per
529 560 680 624 praeceps
692 538 795 623 gloria
806 537 894 606 vadit
905 539 975 604 iisr.

1088 619 1200 684 Tmou
1220 636 1269 684 1v.
1286 625 1318 699 3,
1335 623 1385 689 m

860 784 908 848 oi.

336 914 476 996 Tempus
489 916 523 978 'ci
536 913 572 978 in
585 933 680 979 cauas
693 932 800 978 samen
813 912 959 996 producit
970 912 1090 989 aristas,

375 1013 409 1074 ei
421 1030 462 1074 ne
476 1009 542 1073 sini
555 1011 641 1075 tristi
655 1030 750 1093 poma
764 1029 884 1093 sapore,
899 1012 995 1074 cavei

336 1109 407 1172 Hoc
421 1110 534 1171 tenuat
547 1108 678 1172 dentem
692 1111 810 1172 terram
823 1105 1000 1171 renovantis
1012 1105 1118 1182 amini,

375 1205 436 1270 hoo
450 1205 568 1288 rigidas
581 1205 693 1283 silices,
710 1206 771 1270 hoc
784 1205 951 1269 adamanta
962 1203 1045 1268 taut.

335 1304 407 1366 Hoc
420 1301 517 1368 etiam'
531 1324 637 1368 saevas
650 1303 806 1387 paulatim
820 1303 945 1384 mitigat
957 1301 1029 1379 iras,

374 1400 436 1465 hoc
449 1400 569 1465 minuit
582 1402 690 1466 lucius
703 1403 884 1484 maestaque
896 1400 989 1466 corda
1000 1400 1093 1465 lausi.

1111 1480 1225 1545 Tama
1241 1498 1290 1548 1v.
1308 1486 1339 1559 6,
1355 1485 1384 1546 9.

859 1647 907 1708 48.

336 1775 483 1840 Passibus
496 1773 655 1858 ambiguis
668 1775 813 1840 Fortuna
826 1774 970 1840 volubilis
986 1778 1070 1840 errat

376 1876 409 1937 et
422 1875 531 1937 manci
543 1872 579 1936 iu
593 1874 684 1938 nullo
696 1875 783 1938 ceria
796 1874 951 1956 tenaxque
962 1873 1041 1949 loco,

337 1971 392 2035 sed
404 1970 499 2034 modo
512 1970 595 2034 laeta
609 1971 708 2048 venii,
723 1970 835 2036 uultus
847 1970 939 2035 modo
952 1969 1049 2035 sumit
1060 1969 1196 2048 acerbos,
1234 1967 1239 1978 '

377 2071 411 2132 ei
424 2070 552 2132 tunium
565 2071 715 2133 constans
728 2068 764 2133 in
777 2068 904 2134 levitate
916 2089 972 2134 sua
983 2072 1041 2134 esi.

1108 2150 1220 2213 Tanau.
1237 2165 1271 2213 v.
1289 2154 1319 2225 8,
1336 2152 1385 2213 15.

862 2291 929 2375 os

337 2442 449 2507 Perfer
461 2445 495 2506 et
507 2442 644 2507 obdural
686 2442 792 2506 Mulio
804 2441 945 2525 graviora
956 2440 1069 2504 tulisti.

1107 2536 1220 2601 Tmen.
1237 2552 1271 2600 v.
1289 2539 1339 2610 11,
1357 2539 1387 2602 7.

860 2701 908 2761 50.
965 2702 971 2716 ‘

338 2828 449 2913 Sisque
462 2828 559 2893 miser
571 2848 696 2911 semper
707 2847 768 2893 neo
780 2827 823 2891 sis
835 2827 1018 2891 miserabilis
1029 2826 1097 2891 ulli.
1216 2906 1288 2970 Im
1315 2908 1375 2972 m

1287 2952 1299 2983 ,
1376 2950 1386 2970 .

861 3073 909 3133 51.

337 3200 452 3266 Nescio
465 3220 529 3283 qua
541 3202 648 3267 natale
661 3203 764 3267 solum
778 3184 942 3420 (1Ἒίηο
955 3203 1084 3265 cunctos

378 3298 478 3374 ducit,
494 3301 528 3362 ei
540 3298 730 3364 inmemores
743 3319 810 3363 non
823 3298 849 3362 si
875 3298 899 3362 't
910 3319 974 3364 eme
987 3298 1045 3363 sui.

1124 3378 1178 3441 Ex
1192 3378 1228 3440 P.
1246 3393 1270 3440 1.
1288 3382 1319 3452 3,
1335 3380 1386 3439 35.

859 3544 907 3605 62.

337 3669 470 3735 Saucius
484 3670 587 3735 eiurat
601 3691 743 3754 pugnam
762 3669 925 3752 gladiator,
940 3674 973 3735 et
986 3671 1069 3735 idem

375 3768 533 3833 inmemor
545 3769 671 3851 antiqui
685 3767 825 3833 vulneris
838 3787 922 3832 arma
934 3769 1027 3852 capii.

334 3866 392 3930 Nil
406 3866 466 3932 sibi
480 3887 556 3931 oum
566 3867 672 3951 pelagi
685 3867 765 3932 dicit
777 3867 846 3931 iore
860 3867 1028 3949 naoiragus
1041 3864 1147 3942 undis,

373 3968 408 4029 ei
420 3964 513 4030 ducit
525 3985 630 4031 remos
643 3985 707 4050 qua
720 3964 815 4030 modo
828 3964 915 4029 navit
926 3983 1016 4047 aqua

1125 4042 1178 4108 Ex
1194 4043 1228 4109 P.
1247 4060 1270 4108 1.
1289 4047 1319 4120 δ,
1335 4042 1385 4108 3'1.
