3322 4462
222 229 267 296 66
420 246 450 293 r.
474 245 590 294 ov1n11
610 245 760 297 assume
780 245 941 300 oremus
956 246 1119 304 ,sunnone

221 395 331 461 Obrue
344 400 468 460 versata
482 396 622 462 Oerealie
632 396 752 461 semine
765 398 857 472 terre,

261 513 342 578 quae
355 492 417 558 tibi
430 514 506 559 oum
519 495 622 559 multo
634 495 761 561 faenore
774 495 887 560 reddet
899 516 982 577 eger.

219 586 361 671 Adspice
375 591 521 652 ourretos
534 607 699 671 pomorum
713 591 849 673 pondere
864 609 976 667 ramos,

260 689 300 749 ut
313 706 381 764 suo,
398 687 483 769 quod
497 688 628 771 peperit,
644 687 697 752 rix
710 688 792 752 ierat
806 689 899 752 arbor
911 709 1003 753 onus.

219 783 360 868 Adspioe
373 784 515 850 labentes
528 784 666 850 iucundo
679 806 842 850 murmure
856 787 952 850 rivos:

260 882 387 966 edspioe
401 882 569 946 tondentes
581 883 684 947 fertile
697 905 827 967 gromen
841 905 923 948 oves.

220 979 315 1056 noo,
330 984 447 1062 petunt
460 1000 555 1063 rupes
567 985 795 1064 praeruptaque
809 1002 883 1046 eoxa
895 983 1046 1066 ospellee:

260 1077 900 1163 iemreierentheedisubereplenesuie
1087 1099 1093 1113 ·

220 1174 333 1238 Pastor
345 1163 506 1259 inaequali
519 1176 700 1240 moduletur
712 1177 868 1242 arundine
882 1197 1022 1242 carmen:

259 1291 319 1336 neo
332 1272 450 1336 desunt
463 1273 603 1349 comites,
619 1275 727 1338 aeduin
739 1276 843 1350 turba,
860 1295 960 1340 oenus.

220 1369 316 1434 Parte
330 1373 445 1434 sonent
458 1370 521 1435 elia
534 1371 629 1435 silree
641 1372 816 1454 mugitibus
829 1373 923 1450 ultae,

260 1469 293 1531 et
306 1467 453 1550 queritur
466 1468 606 1532 vitulum
618 1473 718 1533 muter
730 1470 834 1534 obem
848 1490 950 1536 suum.

220 1563 317 1640 Quid,
334 1584 408 1628 oum
423 1566 612 1648 compositos
624 1565 756 1648 fugiunt
768 1568 914 1632 examine
926 1569 1044 1646 iumos,

259 1665 299 1724 ut
311 1662 453 1726 relevent
466 1664 589 1747 dempti
602 1664 721 1728 vimine
733 1668 818 1729 torta
830 1666 921 1731 ieri?

220 1759 320 1823 Poma
334 1760 390 1823 det
403 1764 593 1840 autumnum
613 1762 749 1826 formosa
761 1766 810 1826 est
822 1764 975 1828 messibus
987 1766 1102 1830 matus:

260 1876 316 1920 rer
329 1858 460 1939 praebet
473 1858 579 1922 flores:
598 1857 671 1940 igne
683 1858 807 1923 leretur
820 1859 930 1925 hiems.

220 1953 431 2036 Temporibus
445 1955 542 2018 oertis
553 1959 710 2020 maturam
722 1957 860 2021 rusticus
872 1979 968 2022 uram

259 2051 384 2134 deligit,
400 2055 434 2116 et
447 2053 536 2116 nudo
549 2053 607 2116 sub
619 2053 699 2136 pede
711 2057 817 2118 musto
830 2055 951 2146 fluunt:

219 2149 417 2232 temporibus
430 2150 526 2214 oertis
539 2151 675 2216 desectae
687 2151 808 2233 adligat
819 2152 942 2230 herbae,

259 2255 294 2310 et
306 2251 431 2311 tonsam
445 2268 517 2312 raro
529 2249 653 2331 pectine
664 2250 762 2313 verrit
774 2251 920 2325 humum.

218 2343 292 2426 Ipse
304 2347 395 2427 potes
409 2345 511 2427 riguis
523 2346 665 2428 plantam
678 2348 833 2430 deponere
846 2348 882 2410 in
894 2347 1010 2414 hortis:

260 2441 326 2525 ipse
338 2445 429 2532 potos
443 2442 527 2507 rivos
540 2445 653 2508 duoere
665 2444 746 2508 lenis
758 2465 866 2533 aquae

218 2538 354 2603 Venerit
366 2540 475 2603 insitio
480 2561 490 2618 3
512 2542 564 2620 iso
576 2561 696 2629 ramum
712 2562 817 2606 remus
830 2543 971 2624 adoptet,

259 2638 384 2720 stetque
397 2637 573 2720 peregrinis
585 2639 676 2703 orbor
689 2642 798 2721 operte
811 2640 917 2703 oomis.

220 2731 304 2797 (ium
318 2734 415 2798 semel
428 2734 507 2806 haee
519 2735 662 2798 animum
675 2735 778 2818 eoepit
790 2737 930 2800 muloero
942 2738 1098 2821 voluptas,

262 2831 420 2896 debilibus
433 2830 548 2915 pennis
561 2831 676 2896 inritus
688 2825 754 2896 exit
766 2833 878 2898 Amor.

218 2927 282 2991 Vel
295 2931 333 2990 tu
347 2928 485 2992 venandi
499 2929 642 2992 studium
653 2929 735 2993 oole:
755 2948 845 3013 saepe
858 2930 985 2994 reoeseit

260 3025 401 3107 turpiter
413 3046 433 3089 e
448 3025 568 3090 Phoebi
580 3025 663 3090 vieta
675 3047 777 3090 sorore
791 3028 909 3091 Venus

218 3121 318 3187 Nune
331 3123 472 3206 leporem
485 3142 621 3206 pronum
634 3124 738 3188 ostulo
752 3128 871 3188 seotare
884 3126 1001 3206 saguei3

260 3239 349 3284 nuno
362 3223 421 3284 tue
433 3219 592 3284 frondosis
605 3221 682 3283 retia
697 3220 789 3284 tende
803 3220 901 3303 iugis3

218 3321 276 3380 aut
289 3318 420 3399 pavidos
434 3320 517 3380 terre
533 3317 617 3380 veria
628 3317 798 3381 formidine
812 3339 932 3397 servos3

258 3417 316 3476 aut
329 3416 422 3478 cedat
435 3415 566 3478 adverse
579 3415 706 3497 ouspide
718 3417 821 3479 fossus
834 3435 918 3498 aper.

217 3511 322 3575 Noote
335 3512 507 3593 fatigatum
523 3532 660 3590 somnus,
676 3533 741 3577 non
754 3533 830 3577 eura
842 3514 976 3598 puellae,

257 3609 377 3690 exeipit
390 3613 424 3672 et
436 3608 552 3694 pingui
565 3610 705 3674 membru
718 3610 822 3693 quiete
835 3610 928 3676 leret.

217 3705 338 3770 Leuius
350 3709 399 3770 est
412 3706 567 3783 studium,
583 3707 725 3771 studium
738 3711 856 3785 tamen,
871 3707 946 3771 elite
959 3712 1053 3793 eapte

257 3807 316 3868 aut
327 3803 395 3868 lino
408 3809 466 3868 aut
479 3805 607 3872 ealeufis
619 3806 758 3889 praemia
770 3825 867 3889 perra
880 3806 967 3889 sequi
971 3828 982 3886 ;

217 3902 278 3979 vel,
295 3922 376 3986 quoe
389 3903 484 3986 pieais
498 3904 578 3967 edax
590 3904 681 3969 arido
695 3905 777 3968 male
791 3905 919 3968 devoret
933 3924 998 3981 ore,

257 3999 372 4066 obdere
385 4001 542 4085 supremis
554 4022 625 4066 aera
637 4022 766 4068 reourra
779 4003 868 4068 cibis.
