3322 4462
650 233 814 302 rrnrirns
835 239 911 302 arun
931 253 1064 301 rursus.

318 407 382 474 sive
394 407 499 485 timor,
513 405 693 491 primusque
708 405 825 470 Medon
838 404 1014 488 nigrsseere
1027 405 1132 488 eoepit

318 525 444 589 eorpore
458 508 491 570 st
502 525 642 588 expresso
656 504 765 588 spiuue
778 503 961 568 curvamine
974 503 1070 567 flenti.

317 603 435 686 Incipit
447 603 522 666 huie
535 602 686 685 Lycabas:
709 603 730 634 “
744 603 785 665 In
798 621 877 684 quas
891 601 1045 665 miracula
1055 601 1077 633 ''
1092 600 1176 665 uixit

320 701 342 732 “
353 701 502 766 verteris?
512 701 534 733 ”
555 703 588 764 ei
600 701 657 764 inii
670 700 770 764 ricius
782 704 815 764 ei
828 701 934 782 panda
946 699 1092 782 loquenti

318 799 401 862 naris
413 802 490 874 arai,
506 818 728 882 squamamque
741 798 823 861 eutis
836 798 952 861 durata
965 797 1123 860 trahebat.

316 897 363 959 At
376 897 470 979 Libys
483 897 639 960 obstantes
652 896 730 959 dum
743 897 814 959 vuli
827 896 989 960 obvertere
1003 915 1115 971 remos,

317 993 352 1056 in
365 994 499 1076 spatium
515 993 631 1057 resilire
643 1013 757 1056 manns
769 993 862 1056 breve
875 993 958 1056 vidit
970 997 1005 1055 et
1017 991 1088 1056 illas

318 1091 380 1154 iam
394 1110 457 1155 non
471 1111 534 1154 esse
547 1111 668 1166 manus,
685 1090 748 1154 iam
762 1091 877 1173 pinnas
890 1110 979 1174 posse
992 1089 1108 1153 sonari.

316 1188 417 1264 Alter,
433 1189 472 1252 ad
486 1187 618 1252 intortos
630 1188 761 1271 cupiens
774 1188 849 1251 dare
863 1187 1009 1251 branchia
1021 1188 1127 1264 funes,

317 1285 460 1350 branchia
472 1305 535 1349 non
548 1285 669 1362 habuit,
686 1289 863 1370 truncoque
877 1286 1037 1368 repandus
1050 1285 1085 1348 in
1100 1285 1201 1348 undas

317 1403 442 1467 eorpore
456 1383 595 1446 desiluit:
616 1385 732 1448 falesia
748 1383 918 1446 novusima
930 1383 1032 1446 cauda
1045 1387 1103 1458 esi,

317 1481 421 1564 qualia
433 1481 579 1544 dimidias
592 1481 762 1545 sinuantur
774 1500 894 1546 eornua
907 1481 1011 1545 lunae.

317 1578 467 1662 Undique
480 1579 557 1642 dani
569 1580 668 1643 salius
680 1579 845 1662 multaque
857 1579 1046 1662 adspergine
1060 1581 1170 1642 rorant

318 1681 541 1759 emerguntque
554 1675 669 1740 iterum
683 1677 881 1759 mdenntqne
894 1676 953 1740 sub
966 1694 1103 1758 sequere
1116 1695 1225 1738 rursus

318 1773 411 1855 inque
424 1773 511 1861 ehqri
524 1774 642 1837 indunt
654 1773 791 1857 speeiem
804 1773 981 1856 lascivaque
995 1773 1116 1836 iaciant

318 1891 445 1955 eorpora
457 1875 489 1935 et
502 1875 663 1955 aeeeptnm
676 1870 795 1955 patulis
808 1891 894 1935 mare
908 1871 1039 1935 naribus
1052 1870 1171 1934 efflant.

398 1969 467 2033 ‘De
479 1971 573 2033 modo
585 1969 701 2052 viginti
717 1968 781 2053 (toi
793 1969 880 2032 enim
894 1969 973 2032 ratis
986 1968 1044 2032 illa
1057 1967 1192 2050 serebat)

318 2067 470 2130 restabam
482 2067 574 2131 solus.
617 2067 774 2143 Paridpm
786 2067 991 2151 gelidumque
1006 2066 1156 2130 trementi

312 2185 444 2249 corpore
457 2165 569 2248 virque
582 2185 688 2241 meum
702 2166 809 2228 firmat
821 2166 900 2229 deus
915 2165 938 2196 “
949 2165 1074 2229 liranis
1084 2165 1107 2197 ”
1123 2165 1232 2228 diosus

321 2262 344 2293 “
352 2263 444 2326 eorda
457 2267 577 2326 metum
588 2263 747 2345 Diamque
760 2263 872 2326 tsne.”
915 2263 1050 2326 Delatus
1063 2262 1201 2326 inillam

319 2358 430 2423 senessi
443 2359 536 2423 saeris
549 2359 750 2442 Baeeheuque
763 2379 851 2423 saera
863 2359 1057 2441 frequento)
1092 2337 1106 2359 ’

542 2693 571 2753 6.
607 2690 844 2754 PYRAMUS
867 2689 968 2752 AND
1000 2689 1179 2754 THISBE.

711 2872 1006 2948 mmfflffi

397 3044 548 3129 Pyrams
560 3049 593 3109 ai
605 3046 732 3123 Thisbe,
749 3045 898 3108 iuvenum
915 3045 1151 3128 pulcherrimus
1163 3045 1253 3120 siber,
1368 3051 1406 3108 55

319 3143 424 3220 alum,
441 3163 517 3226 quas
529 3143 631 3206 oriens
642 3143 766 3218 habuit,
782 3143 922 3226 praelata
935 3142 1061 3226 puellis,

319 3240 480 3322 eoniignas
494 3243 619 3303 tenuere
633 3240 752 3316 domos,
769 3239 824 3302 ubi
838 3239 959 3302 dieitur
971 3239 1070 3303 altam

320 3337 483 3401 contilibus
497 3337 595 3400 muris
608 3339 742 3402 cinxisse
756 3337 938 3402 Semiramis
951 3337 1073 3401 urbem.

397 3434 554 3528 Notitiunr
567 3436 747 3518 primosque
761 3437 878 3519 gradus
893 3435 1010 3498 vicinia
1024 3435 1116 3498 iecit:

320 3536 458 3614 tempere
472 3533 569 3596 crevit
581 3553 676 3597 arnor.
722 3534 844 3596 Taedae
858 3553 985 3615 quoque
998 3533 1067 3596 inre
1081 3533 1230 3596 coissent:
1370 3535 1408 3594 60

320 3629 373 3692 sed
385 3632 511 3693 vetuere
525 3633 635 3712 patres.
679 3629 771 3706 Quod
786 3650 850 3694 non
866 3635 999 3713 potuere
1012 3634 1129 3707 vetare,

320 3747 358 3789 ar
370 3747 469 3810 aequo
482 3728 582 3810 naphis
594 3729 745 3791 ardebant
759 3728 922 3791 mentibus
934 3729 1038 3791 ambo.

321 3824 470 3900 Ounsuins
483 3826 584 3889 omnis
596 3826 697 3889 abasi:
719 3830 801 3889 nutu
815 3825 977 3908 signisque
990 3827 1179 3908 loquuntur,

320 3943 442 4007 qnoque
455 3923 555 4006 megia
568 3924 696 4006 iegitur,
713 3928 816 3988 tentus
829 3924 931 4005 magis
944 3928 1068 3989 aesiuai
1081 3924 1175 4006 ignis.

398 4020 517 4163 Fissus²
519 4033 586 4086 erat
599 4022 688 4092 tenni
702 4022 792 4113 rima,
810 4041 905 4106 quam
919 4021 1055 4087 duxerat
1068 4022 1157 4098 olim,
1371 4024 1408 4083 65
