3322 4462
427 236 570 285 PERBEUS
590 235 666 284 Anu
687 230 939 283 Arnas—cuum
959 233 1035 282 ΛΝΒ
1057 232 1283 298 PBQSEBPIM.
1368 231 1406 282 21

314 387 379 453 sive
391 408 425 452 es
436 387 564 468 mirator
575 407 694 464 rerum,
708 385 861 451 mirabere
874 389 1006 450 nostras

314 485 496 569 Hospitium
509 484 707 570 requiemque
721 485 819 568 peto.’
863 484 985 547 Memor
998 482 1052 546 ills
1067 484 1210 548 vetustae

313 583 406 648 sortis
419 574 498 648 era'tr
518 583 647 648 Themis
659 583 742 646 hauc
754 583 885 648 dederat
899 581 1048 663 Parnasia
1062 585 1194 646 sortem:

316 682 482 766 ‘Tempus
498 682 582 758 Ana,
598 681 713 758 veniet,
729 684 786 744 tua
799 700 861 763 quo
875 680 1063 762 spoliabitur
1076 700 1154 744 auro
1380 719 1386 734 ·

312 781 415 856 arbor,
427 782 460 844 56
471 780 555 843 hunc
568 779 700 863 praedae
713 778 847 842 titulum
861 777 935 852 Iove
948 781 1043 842 uatus
1057 777 1210 858 habeut?
1342 781 1402 843 645

392 876 432 941 Id
445 880 585 941 metuens
599 876 705 940 solidis
718 875 859 959 pomaria
872 875 1027 940 clauserat
1039 876 1133 940 Atlas

313 973 476 1037 moenibus
488 975 520 1037 56
531 977 617 1038 resto
630 975 760 1038 dederat
773 973 926 1040 servanda
938 972 1068 1036 draconi

313 1063 496 1154 5555656555
508 1071 572 1136 suis
583 1075 727 1135 externae
740 1071 858 1134 finibus
870 1089 989 1138 omues

314 1167 401 1232 Huic
414 1189 533 1253 quoque
547 1169 655 1235 ‘Vade
668 1169 788 1252 procul,
804 1187 846 1233 55
859 1167 954 1250 longe
966 1166 1069 1249 gloria
1082 1187 1199 1244 rarum,

314 1286 409 1348 quarn
422 1266 649 1343 mentiris’ait,
668 1266 780 1348 ‘longe
793 1265 854 1329 tibi
868 1265 1017 1348 Iuppiter
1028 1265 1147 1343 absit’3
1343 1271 1403 1330 650

313 1364 441 1447 vimque
453 1365 545 1428 minis
557 1365 647 1429 addit
660 1364 867 1447 manibusque
881 1364 1037 1446 expellere
1052 1367 1190 1446 temptat

313 1466 513 1526 cunctantem
526 1467 559 1526 56
572 1463 703 1546 placidi's
716 1462 902 1526 miscentem
915 1461 1014 1525 fortia
1026 1461 1132 1525 dictis.

314 1560 444 1624 Viribus
456 1561 584 1643 inferior
599 1559 685 1644 (quis
697 1559 781 1624 cuim
796 1579 854 1643 par
867 1563 948 1624 55556
962 1559 1104 1642 Atlantis

314 1657 434 1722 viribus
442 1660 470 1739 l)
487 1658 551 1721 ‘At
563 1658 712 1742 quoniam
725 1657 815 1740 parvi
827 1656 889 1720 tibi
903 1657 1006 1742 gratia
1018 1660 1128 1720 nostra
1142 1660 1202 1734 est,

314 1755 420 1838 accipe
432 1755 634 1831 munus'ait,
651 1743 939 1837 laevaqueaparte
953 1754 1104 1838 Medusae
1344 1759 1403 1819 655

315 1852 381 1936 ipse
394 1857 579 1918 retroversus
591 1852 766 1937 squalentia
778 1851 915 1935 protulit
928 1872 991 1916 cra

316 1950 459 2028 Quantus
471 1955 545 2028 erat,
561 1971 652 2032 rnous
663 1953 768 2015 factus
781 1951 889 2014 Atlas:
910 1971 986 2014 uam
999 1941 1096 2014 burla
1108 1971 1289 2034 comaeque,

316 2049 350 2111 iu
364 2049 455 2113 silvas
466 2050 590 2125 abeunt,
606 2049 682 2132 iuga
694 2053 770 2112 sunt
783 2048 948 2131 umerique
961 2067 1148 2130 manusque,

317 2148 400 2229 quod
413 2150 507 2230 ceput
518 2151 591 2211 aute
603 2146 678 2223 fuit,
695 2165 818 2211 summo
831 2150 880 2210 est
893 2145 929 2209 in
942 2150 1052 2210 monte
1065 2165 1229 2223 cacumen,

316 2246 475 2328 cesalapis
487 2247 582 2309 liunt:
602 2251 672 2317 tum
685 2248 790 2328 partes
802 2250 916 2307 auctus
928 2244 964 2306 in
978 2263 1089 2307 omnes
1344 2248 1405 2308 666

316 2342 416 2406 creuit
427 2342 460 2405 in
473 2343 648 2406 inmensum
663 2339 722 2424 (sic
735 2341 769 2403 di
783 2340 966 2421 statuistis),
982 2344 1015 2404 et
1028 2359 1122 2404 omne

318 2457 391 2514 curn
405 2443 454 2502 tot
465 2438 615 2521 sideribus
628 2437 749 2502 caelum
763 2436 918 2518 requierit
930 2437 966 2498 iu
979 2437 1045 2524 illo.

477 2757 558 2876 ⁸j
585 2760 732 2827 55555
754 2762 855 2826 Ano
883 2761 1202 2838 5555555555.

379 2955 456 3003 m.
470 2956 504 3003 v.
519 2944 668 3016 ssu-408,
684 2944 834 3014 438-445,
851 2945 1003 3017 tomos,
1020 2945 1173 3016 474-538,
1191 2946 1341 3008 564-511.

398 3117 493 3180 Haud
505 3118 613 3200 procul
628 3117 787 3181 Hennaeis
799 3117 888 3181 lacus
901 3122 949 3182 est
962 3138 982 3181 a
994 3119 1160 3182 moenibus
1174 3120 1267 3196 altae,
1346 3123 1406 3184 385

319 3213 446 3278 nomine
459 3214 585 3294 Pergus,
600 3234 709 3297 aquae.
750 3214 826 3278 Non
839 3214 897 3278 illo
914 3215 1008 3297 plura
1022 3216 1168 3298 Caystros

319 3309 458 3386 carmina
470 3331 635 3393 cycnorum
648 3311 826 3374 labentibus
839 3311 931 3375 audit
943 3311 979 3375 15
992 3313 1098 3376 undis.

321 3407 406 3471 Silva
418 3411 544 3472 coronat
556 3428 650 3491 aquas
664 3408 793 3491 cingens
806 3409 891 3472 latus
905 3429 1009 3486 omne,
1024 3411 1152 3492 suisque

319 3505 486 3570 frondibus
495 3510 534 3570 ut
545 3507 614 3571 velo
628 3507 785 3571 Phoebeos
798 3508 964 3572 submovet
976 3508 1069 3572 ictus.

320 3599 451 3685 Frigora
463 3604 540 3668 dant
551 3604 642 3681 rami,
658 3605 769 3688 Tyrios
781 3605 901 3669 humus
920 3605 1030 3668 umida
1043 3605 1149 3669 flores:
1349 3609 1410 3670 390

320 3707 507 3790 perpetuum
521 3723 574 3767 rer
586 3707 644 3766 est.
681 3703 749 3780 Quo
763 3704 841 3767 dum
857 3703 1043 3785 Proserpina
1056 3703 1131 3767 1555

320 3800 405 3874 ludit
417 3804 450 3864 56
462 3805 518 3864 556
529 3801 625 3866 riolas
638 3806 694 3866 556
707 3803 842 3872 candida
856 3802 924 3866 lilia
937 3801 1051 3884 carpit,

321 3898 459 3982 dumque
471 3885 603 3983 puellari
617 3900 722 3965 studio
736 3900 938 3984 calathosque
952 3900 1121 3983 sinumque

321 3995 433 4079 implet
444 3999 478 4066 56
488 3997 628 4080 aequales
640 4001 741 4061 certat
753 4017 900 4080 superare
913 3997 1059 4078 legendo,
