<?xml version="1.0" encoding="UTF-8"?>
<!DOCTYPE html PUBLIC "-//W3C//DTD XHTML 1.0 Transitional//EN"
    "http://www.w3.org/TR/xhtml1/DTD/xhtml1-transitional.dtd">
<html xmlns="http://www.w3.org/1999/xhtml" xml:lang="en" lang="en">
 <head>
  <title>
</title>
<meta http-equiv="Content-Type" content="text/html;charset=utf-8" />
  <meta name='ocr-system' content='tesseract 3.04.00' />
  <meta name='ocr-capabilities' content='ocr_page ocr_carea ocr_par ocr_line ocrx_word'/>
</head>
<body>
  <div class='ocr_page' id='page_1' title='image "./selectionsfromo00andegoog_0039.png"; bbox 0 0 3322 4462; ppageno 0'>
   <div class='ocr_carea' id='block_1_1' title="bbox 236 233 1133 288">
    <p class='ocr_par' dir='ltr' id='par_1_1' title="bbox 236 233 1133 288">
     <span class='ocr_line' id='line_1_1' title="bbox 236 233 1133 288; baseline 0.001 -3"><span class='ocrx_word' id='word_1_1' title='bbox 236 233 278 285; x_wconf 82' lang='lat'><strong>22</strong></span> <span class='ocrx_word' id='word_1_2' title='bbox 436 235 463 283; x_wconf 78' lang='lat' dir='ltr'><strong>P.</strong></span> <span class='ocrx_word' id='word_1_3' title='bbox 490 236 604 288; x_wconf 72' lang='lat' dir='ltr'><strong>ovum</strong></span> <span class='ocrx_word' id='word_1_4' title='bbox 623 233 770 285; x_wconf 63' lang='lat' dir='ltr'><strong>larome</strong></span> <span class='ocrx_word' id='word_1_5' title='bbox 790 235 954 286; x_wconf 74' lang='lat' dir='ltr'><strong>esaum</strong></span> <span class='ocrx_word' id='word_1_6' title='bbox 975 236 1133 286; x_wconf 72' lang='lat' dir='ltr'><strong>emere.</strong></span> 
     </span>
    </p>
   </div>
   <div class='ocr_carea' id='block_1_2' title="bbox 234 386 1165 4080">
    <p class='ocr_par' dir='ltr' id='par_1_2' title="bbox 235 386 1036 472">
     <span class='ocr_line' id='line_1_2' title="bbox 235 386 1036 472; baseline -0.002 -19"><span class='ocrx_word' id='word_1_7' title='bbox 235 407 336 472; x_wconf 90' lang='lat' dir='ltr'><strong>paene</strong></span> <span class='ocrx_word' id='word_1_8' title='bbox 349 386 445 452; x_wconf 79' lang='lat' dir='ltr'><strong>simul</strong></span> <span class='ocrx_word' id='word_1_9' title='bbox 459 386 526 452; x_wconf 83' lang='lat' dir='ltr'><strong>vise</strong></span> <span class='ocrx_word' id='word_1_10' title='bbox 538 391 587 452; x_wconf 87' lang='lat' dir='ltr'><strong>est</strong></span> <span class='ocrx_word' id='word_1_11' title='bbox 599 387 770 472; x_wconf 82' lang='lat' dir='ltr'><strong>dileeteque</strong></span> <span class='ocrx_word' id='word_1_12' title='bbox 783 392 935 472; x_wconf 72' lang='lat' dir='ltr'><strong>raptaque</strong></span> <span class='ocrx_word' id='word_1_13' title='bbox 949 387 1036 452; x_wconf 89' lang='lat' dir='ltr'><strong>Diti:</strong></span> 
     </span>
    </p>

    <p class='ocr_par' dir='ltr' id='par_1_3' title="bbox 235 486 1165 864">
     <span class='ocr_line' id='line_1_3' title="bbox 236 486 1165 571; baseline 0.003 -21"><span class='ocrx_word' id='word_1_14' title='bbox 236 507 337 571; x_wconf 87' lang='lat' dir='ltr'><strong>usque</strong></span> <span class='ocrx_word' id='word_1_15' title='bbox 351 487 429 551; x_wconf 75' lang='lat' dir='ltr'><strong>ereo</strong></span> <span class='ocrx_word' id='word_1_16' title='bbox 442 488 491 550; x_wconf 91' lang='lat' dir='ltr'><strong>est</strong></span> <span class='ocrx_word' id='word_1_17' title='bbox 503 490 687 570; x_wconf 83' lang='lat' dir='ltr'><strong>properatus</strong></span> <span class='ocrx_word' id='word_1_18' title='bbox 698 501 795 551; x_wconf 84' lang='lat' dir='ltr'><strong>emor.</strong></span> <span class='ocrx_word' id='word_1_19' title='bbox 837 487 906 551; x_wconf 88' lang='lat' dir='ltr'><strong>Dea</strong></span> <span class='ocrx_word' id='word_1_20' title='bbox 919 486 1032 551; x_wconf 84' lang='lat' dir='ltr'><strong>territe</strong></span> <span class='ocrx_word' id='word_1_21' title='bbox 1044 489 1165 555; x_wconf 83' lang='lat' dir='ltr'><strong>maeste</strong></span> 
     </span>
     <span class='ocr_line' id='line_1_4' title="bbox 236 584 1051 667; baseline 0 -17"><span class='ocrx_word' id='word_1_22' title='bbox 236 588 269 650; x_wconf 93' lang='lat' dir='ltr'><strong>et</strong></span> <span class='ocrx_word' id='word_1_23' title='bbox 282 588 417 648; x_wconf 82' lang='lat' dir='ltr'><strong>matrem</strong></span> <span class='ocrx_word' id='word_1_24' title='bbox 432 588 466 648; x_wconf 88' lang='lat' dir='ltr'><strong>et</strong></span> <span class='ocrx_word' id='word_1_25' title='bbox 478 584 617 663; x_wconf 86' lang='lat' dir='ltr'><strong>eomites,</strong></span> <span class='ocrx_word' id='word_1_26' title='bbox 633 585 686 649; x_wconf 88' lang='lat' dir='ltr'><strong>sed</strong></span> <span class='ocrx_word' id='word_1_27' title='bbox 700 587 832 648; x_wconf 73' lang='lat' dir='ltr'><strong>matrem</strong></span> <span class='ocrx_word' id='word_1_28' title='bbox 845 584 981 667; x_wconf 74' lang='lat' dir='ltr'><strong>saepius,</strong></span> <span class='ocrx_word' id='word_1_29' title='bbox 997 605 1051 650; x_wconf 90' lang='lat' dir='ltr'><strong>ere</strong></span> 
     </span>
     <span class='ocr_line' id='line_1_5' title="bbox 235 682 1030 761; baseline -0.001 -15"><span class='ocrx_word' id='word_1_30' title='bbox 235 683 367 761; x_wconf 78' lang='lat' dir='ltr'><strong>elamet3</strong></span> <span class='ocrx_word' id='word_1_31' title='bbox 388 685 432 758; x_wconf 89' lang='lat' dir='ltr'><strong>et,</strong></span> <span class='ocrx_word' id='word_1_32' title='bbox 451 685 488 745; x_wconf 90' lang='lat' dir='ltr'><strong>nt</strong></span> <span class='ocrx_word' id='word_1_33' title='bbox 500 685 751 746; x_wconf 81' lang='lat' dir='ltr'><strong>summerestem</strong></span> <span class='ocrx_word' id='word_1_34' title='bbox 763 682 899 746; x_wconf 86' lang='lat' dir='ltr'><strong>laniarat</strong></span> <span class='ocrx_word' id='word_1_35' title='bbox 911 682 951 746; x_wconf 85' lang='lat' dir='ltr'><strong>ab</strong></span> <span class='ocrx_word' id='word_1_36' title='bbox 965 702 1030 757; x_wconf 87' lang='lat' dir='ltr'><strong>ora,</strong></span> 
     </span>
     <span class='ocr_line' id='line_1_6' title="bbox 235 779 913 864; baseline -0.003 -20"><span class='ocrx_word' id='word_1_37' title='bbox 235 779 372 844; x_wconf 85' lang='lat' dir='ltr'><strong>eonleeti</strong></span> <span class='ocrx_word' id='word_1_38' title='bbox 386 780 478 843; x_wconf 84' lang='lat' dir='ltr'><strong>fieres</strong></span> <span class='ocrx_word' id='word_1_39' title='bbox 491 780 608 864; x_wconf 77' lang='lat' dir='ltr'><strong>tunieis</strong></span> <span class='ocrx_word' id='word_1_40' title='bbox 619 779 754 844; x_wconf 88' lang='lat' dir='ltr'><strong>eeeidere</strong></span> <span class='ocrx_word' id='word_1_41' title='bbox 766 779 913 843; x_wconf 74' lang='lat' dir='ltr'>remissis.</span> 
     </span>
    </p>

    <p class='ocr_par' dir='ltr' id='par_1_4' title="bbox 236 875 1024 960">
     <span class='ocr_line' id='line_1_7' title="bbox 236 875 1024 960; baseline 0 -19"><span class='ocrx_word' id='word_1_42' title='bbox 236 878 404 960; x_wconf 73' lang='lat' dir='ltr'><strong>Tantaque</strong></span> <span class='ocrx_word' id='word_1_43' title='bbox 417 877 604 960; x_wconf 77' lang='lat' dir='ltr'><strong>simplicitas</strong></span> <span class='ocrx_word' id='word_1_44' title='bbox 615 877 787 960; x_wconf 75' lang='lat' dir='ltr'><strong>puerilibus</strong></span> <span class='ocrx_word' id='word_1_45' title='bbox 799 877 907 942; x_wconf 81' lang='lat' dir='ltr'><strong>ediuit</strong></span> <span class='ocrx_word' id='word_1_46' title='bbox 919 875 1024 952; x_wconf 82' lang='lat' dir='ltr'><strong>annis,</strong></span> 
     </span>
    </p>

    <p class='ocr_par' dir='ltr' id='par_1_5' title="bbox 235 974 1052 1058">
     <span class='ocr_line' id='line_1_8' title="bbox 235 974 1052 1058; baseline -0.001 -20"><span class='ocrx_word' id='word_1_47' title='bbox 235 975 315 1040; x_wconf 84' lang='lat' dir='ltr'><strong>baee</strong></span> <span class='ocrx_word' id='word_1_48' title='bbox 328 994 453 1058; x_wconf 85' lang='lat' dir='ltr'><strong>quoque</strong></span> <span class='ocrx_word' id='word_1_49' title='bbox 467 974 644 1056; x_wconf 80' lang='lat' dir='ltr'><strong>virgineum</strong></span> <span class='ocrx_word' id='word_1_50' title='bbox 657 975 755 1039; x_wconf 84' lang='lat' dir='ltr'><strong>merit</strong></span> <span class='ocrx_word' id='word_1_51' title='bbox 767 974 889 1038; x_wconf 83' lang='lat' dir='ltr'><strong>iaetura</strong></span> <span class='ocrx_word' id='word_1_52' title='bbox 901 974 1052 1038; x_wconf 88' lang='lat' dir='ltr'><strong>delorem.</strong></span> 
     </span>
    </p>

    <p class='ocr_par' dir='ltr' id='par_1_6' title="bbox 235 1071 1138 1742">
     <span class='ocr_line' id='line_1_9' title="bbox 318 1071 1138 1155; baseline 0.002 -20"><span class='ocrx_word' id='word_1_53' title='bbox 318 1072 440 1155; x_wconf 87' lang='lat' dir='ltr'><strong>Raptor</strong></span> <span class='ocrx_word' id='word_1_54' title='bbox 453 1071 522 1154; x_wconf 80' lang='lat' dir='ltr'><strong>egit</strong></span> <span class='ocrx_word' id='word_1_55' title='bbox 534 1091 644 1135; x_wconf 82' lang='lat' dir='ltr'><strong>currus</strong></span> <span class='ocrx_word' id='word_1_56' title='bbox 656 1075 689 1135; x_wconf 92' lang='lat' dir='ltr'><strong>et</strong></span> <span class='ocrx_word' id='word_1_57' title='bbox 700 1072 828 1136; x_wconf 89' lang='lat' dir='ltr'><strong>nomine</strong></span> <span class='ocrx_word' id='word_1_58' title='bbox 841 1091 998 1155; x_wconf 87' lang='lat' dir='ltr'><strong>quemque</strong></span> <span class='ocrx_word' id='word_1_59' title='bbox 1010 1074 1138 1138; x_wconf 81' lang='lat' dir='ltr'><strong>uoeetes</strong></span> 
     </span>
     <span class='ocr_line' id='line_1_10' title="bbox 235 1169 1018 1252; baseline -0.001 -19"><span class='ocrx_word' id='word_1_60' title='bbox 235 1169 424 1234; x_wconf 74' lang='lat' dir='ltr'><strong>exhortatur</strong></span> <span class='ocrx_word' id='word_1_61' title='bbox 436 1189 543 1251; x_wconf 82' lang='lat' dir='ltr'><strong>equos,</strong></span> <span class='ocrx_word' id='word_1_62' title='bbox 560 1189 691 1252; x_wconf 86' lang='lat' dir='ltr'><strong>quorum</strong></span> <span class='ocrx_word' id='word_1_63' title='bbox 704 1188 762 1252; x_wconf 92' lang='lat' dir='ltr'><strong>per</strong></span> <span class='ocrx_word' id='word_1_64' title='bbox 772 1169 854 1233; x_wconf 82' lang='lat' dir='ltr'><strong>eolle</strong></span> <span class='ocrx_word' id='word_1_65' title='bbox 866 1169 1018 1252; x_wconf 88' lang='lat' dir='ltr'><strong>iubesque</strong></span> 
     </span>
     <span class='ocr_line' id='line_1_11' title="bbox 235 1265 968 1351; baseline -0.001 -19"><span class='ocrx_word' id='word_1_66' title='bbox 235 1266 359 1332; x_wconf 80' lang='lat' dir='ltr'><strong>ereutii</strong></span> <span class='ocrx_word' id='word_1_67' title='bbox 372 1267 505 1331; x_wconf 88' lang='lat' dir='ltr'><strong>obseura</strong></span> <span class='ocrx_word' id='word_1_68' title='bbox 517 1267 632 1331; x_wconf 76' lang='lat' dir='ltr'><strong>tinetas</strong></span> <span class='ocrx_word' id='word_1_69' title='bbox 644 1265 803 1350; x_wconf 74' lang='lat' dir='ltr'><strong>rsrmgine</strong></span> <span class='ocrx_word' id='word_1_70' title='bbox 820 1266 968 1351; x_wconf 81' lang='lat' dir='ltr'><strong>habenas,</strong></span> 
     </span>
     <span class='ocr_line' id='line_1_12' title="bbox 235 1359 983 1449; baseline -0.004 -19"><span class='ocrx_word' id='word_1_71' title='bbox 235 1373 355 1449; x_wconf 85' lang='lat' dir='ltr'><strong>perque</strong></span> <span class='ocrx_word' id='word_1_72' title='bbox 369 1365 456 1428; x_wconf 83' lang='lat' dir='ltr'><strong>leeus</strong></span> <span class='ocrx_word' id='word_1_73' title='bbox 469 1365 550 1429; x_wconf 85' lang='lat' dir='ltr'><strong>altos</strong></span> <span class='ocrx_word' id='word_1_74' title='bbox 562 1369 596 1428; x_wconf 91' lang='lat' dir='ltr'><strong>et</strong></span> <span class='ocrx_word' id='word_1_75' title='bbox 608 1359 724 1428; x_wconf 81' lang='lat' dir='ltr'><strong>olentia</strong></span> <span class='ocrx_word' id='word_1_76' title='bbox 736 1365 864 1448; x_wconf 80' lang='lat' dir='ltr'><strong>sulpure</strong></span> <span class='ocrx_word' id='word_1_77' title='bbox 877 1367 983 1428; x_wconf 73' lang='lat' dir='ltr'><strong>fertur</strong></span> 
     </span>
     <span class='ocr_line' id='line_1_13' title="bbox 235 1462 938 1546; baseline 0 -20"><span class='ocrx_word' id='word_1_78' title='bbox 235 1468 350 1546; x_wconf 76' lang='lat' dir='ltr'><strong>stagna</strong></span> <span class='ocrx_word' id='word_1_79' title='bbox 364 1463 556 1540; x_wconf 87' lang='lat' dir='ltr'><strong>Pelieornm,</strong></span> <span class='ocrx_word' id='word_1_80' title='bbox 571 1466 664 1546; x_wconf 82' lang='lat' dir='ltr'><strong>rupte</strong></span> <span class='ocrx_word' id='word_1_81' title='bbox 675 1462 830 1527; x_wconf 77' lang='lat' dir='ltr'><strong>terrentia</strong></span> <span class='ocrx_word' id='word_1_82' title='bbox 843 1465 938 1538; x_wconf 86' lang='lat' dir='ltr'><strong>terra,</strong></span> 
     </span>
     <span class='ocr_line' id='line_1_14' title="bbox 235 1559 1048 1645; baseline 0.002 -21"><span class='ocrx_word' id='word_1_83' title='bbox 235 1565 270 1624; x_wconf 91' lang='lat' dir='ltr'><strong>et</strong></span> <span class='ocrx_word' id='word_1_84' title='bbox 283 1581 345 1645; x_wconf 84' lang='lat' dir='ltr'><strong>que</strong></span> <span class='ocrx_word' id='word_1_85' title='bbox 359 1561 566 1638; x_wconf 83' lang='lat' dir='ltr'><strong>Beeehisdae,</strong></span> <span class='ocrx_word' id='word_1_86' title='bbox 581 1559 692 1625; x_wconf 84' lang='lat' dir='ltr'><strong>bimari</strong></span> <span class='ocrx_word' id='word_1_87' title='bbox 707 1581 784 1643; x_wconf 83' lang='lat' dir='ltr'><strong>gens</strong></span> <span class='ocrx_word' id='word_1_88' title='bbox 797 1569 867 1624; x_wconf 87' lang='lat' dir='ltr'><strong>orta</strong></span> <span class='ocrx_word' id='word_1_89' title='bbox 876 1560 1048 1640; x_wconf 68' lang='lat' dir='ltr'><strong>Corintho,</strong></span> 
     </span>
     <span class='ocr_line' id='line_1_15' title="bbox 236 1658 967 1742; baseline -0.001 -21"><span class='ocrx_word' id='word_1_90' title='bbox 236 1659 322 1723; x_wconf 83' lang='lat' dir='ltr'><strong>inter</strong></span> <span class='ocrx_word' id='word_1_91' title='bbox 335 1659 516 1742; x_wconf 76' lang='lat' dir='ltr'><strong>inaequales</strong></span> <span class='ocrx_word' id='word_1_92' title='bbox 529 1661 701 1741; x_wconf 88' lang='lat' dir='ltr'><strong>posuerunt</strong></span> <span class='ocrx_word' id='word_1_93' title='bbox 710 1658 833 1730; x_wconf 74' lang='lat' dir='ltr'><strong>moenie</strong></span> <span class='ocrx_word' id='word_1_94' title='bbox 845 1660 967 1741; x_wconf 88' lang='lat' dir='ltr'><strong>pertus.</strong></span> 
     </span>
    </p>

    <p class='ocr_par' dir='ltr' id='par_1_7' title="bbox 235 1754 1056 2521">
     <span class='ocr_line' id='line_1_16' title="bbox 317 1754 982 1839; baseline -0.003 -19"><span class='ocrx_word' id='word_1_95' title='bbox 317 1756 447 1820; x_wconf 80' lang='lat' dir='ltr'><strong>Interea</strong></span> <span class='ocrx_word' id='word_1_96' title='bbox 459 1756 592 1839; x_wconf 86' lang='lat' dir='ltr'><strong>pavidae</strong></span> <span class='ocrx_word' id='word_1_97' title='bbox 604 1755 792 1838; x_wconf 83' lang='lat' dir='ltr'><strong>nequiquam</strong></span> <span class='ocrx_word' id='word_1_98' title='bbox 805 1755 872 1819; x_wconf 85' lang='lat' dir='ltr'><strong>filia</strong></span> <span class='ocrx_word' id='word_1_99' title='bbox 884 1754 982 1818; x_wconf 84' lang='lat' dir='ltr'><strong>metri</strong></span> 
     </span>
     <span class='ocr_line' id='line_1_17' title="bbox 237 1852 1004 1936; baseline -0.004 -19"><span class='ocrx_word' id='word_1_100' title='bbox 237 1854 447 1917; x_wconf 87' lang='lat' dir='ltr'><strong>omnibusest</strong></span> <span class='ocrx_word' id='word_1_101' title='bbox 493 1853 564 1930; x_wconf 85' lang='lat' dir='ltr'><strong>rris,</strong></span> <span class='ocrx_word' id='word_1_102' title='bbox 580 1853 817 1935; x_wconf 84' lang='lat' dir='ltr'><strong>omniquaesita</strong></span> <span class='ocrx_word' id='word_1_103' title='bbox 828 1852 1004 1936; x_wconf 81' lang='lat' dir='ltr'><strong>profunde.</strong></span> 
     </span>
     <span class='ocr_line' id='line_1_18' title="bbox 237 1950 912 2033; baseline -0.001 -19"><span class='ocrx_word' id='word_1_104' title='bbox 237 1952 331 2017; x_wconf 86' lang='lat' dir='ltr'><strong>Illam</strong></span> <span class='ocrx_word' id='word_1_105' title='bbox 345 1971 412 2015; x_wconf 91' lang='lat' dir='ltr'><strong>nen</strong></span> <span class='ocrx_word' id='word_1_106' title='bbox 425 1971 448 2013; x_wconf 91' lang='lat' dir='ltr'><strong>u</strong></span> <span class='ocrx_word' id='word_1_107' title='bbox 471 1971 500 2015; x_wconf 86' lang='lat' dir='ltr'><strong>rs</strong></span> <span class='ocrx_word' id='word_1_108' title='bbox 515 1951 643 2016; x_wconf 84' lang='lat' dir='ltr'><strong>veniens</strong></span> <span class='ocrx_word' id='word_1_109' title='bbox 655 1951 777 2014; x_wconf 82' lang='lat' dir='ltr'><strong>Aurora</strong></span> <span class='ocrx_word' id='word_1_110' title='bbox 789 1950 912 2033; x_wconf 87' lang='lat' dir='ltr'><strong>eapillie</strong></span> 
     </span>
     <span class='ocr_line' id='line_1_19' title="bbox 236 2046 1022 2130; baseline -0.005 -16"><span class='ocrx_word' id='word_1_111' title='bbox 236 2052 412 2114; x_wconf 71' lang='lat' dir='ltr'><strong>cessantem</strong></span> <span class='ocrx_word' id='word_1_112' title='bbox 427 2048 520 2126; x_wconf 87' lang='lat' dir='ltr'><strong>vidit,</strong></span> <span class='ocrx_word' id='word_1_113' title='bbox 536 2068 601 2112; x_wconf 94' lang='lat' dir='ltr'><strong>non</strong></span> <span class='ocrx_word' id='word_1_114' title='bbox 614 2048 782 2130; x_wconf 78' lang='lat' dir='ltr'><strong>Hesperus.</strong></span> <span class='ocrx_word' id='word_1_115' title='bbox 824 2048 886 2111; x_wconf 84' lang='lat' dir='ltr'><strong>lllu</strong></span> <span class='ocrx_word' id='word_1_116' title='bbox 898 2046 1022 2111; x_wconf 71' lang='lat' dir='ltr'><strong>duabus</strong></span> 
     </span>
     <span class='ocr_line' id='line_1_20' title="bbox 236 2144 1056 2229; baseline -0.002 -19"><span class='ocrx_word' id='word_1_117' title='bbox 236 2147 441 2211; x_wconf 70' lang='lat' dir='ltr'><strong>flammiferas</strong></span> <span class='ocrx_word' id='word_1_118' title='bbox 453 2145 551 2229; x_wconf 91' lang='lat' dir='ltr'><strong>pinus</strong></span> <span class='ocrx_word' id='word_1_119' title='bbox 564 2145 707 2210; x_wconf 82' lang='lat' dir='ltr'><strong>munibus</strong></span> <span class='ocrx_word' id='word_1_120' title='bbox 720 2145 884 2210; x_wconf 84' lang='lat' dir='ltr'><strong>sueeendit</strong></span> <span class='ocrx_word' id='word_1_121' title='bbox 896 2145 936 2208; x_wconf 88' lang='lat' dir='ltr'><strong>ab</strong></span> <span class='ocrx_word' id='word_1_122' title='bbox 949 2144 1056 2208; x_wconf 83' lang='lat' dir='ltr'><strong>Aetne</strong></span> 
     </span>
     <span class='ocr_line' id='line_1_21' title="bbox 235 2243 976 2329; baseline -0.004 -21"><span class='ocrx_word' id='word_1_123' title='bbox 235 2264 355 2329; x_wconf 86' lang='lat' dir='ltr'><strong>perque</strong></span> <span class='ocrx_word' id='word_1_124' title='bbox 371 2243 536 2327; x_wconf 88' lang='lat' dir='ltr'><strong>pruinosas</strong></span> <span class='ocrx_word' id='word_1_125' title='bbox 550 2244 627 2307; x_wconf 90' lang='lat' dir='ltr'><strong>tulit</strong></span> <span class='ocrx_word' id='word_1_126' title='bbox 638 2243 811 2325; x_wconf 73' lang='lat' dir='ltr'><strong>inrequieta</strong></span> <span class='ocrx_word' id='word_1_127' title='bbox 823 2243 976 2307; x_wconf 79' lang='lat' dir='ltr'><strong>tenebras.</strong></span> 
     </span>
     <span class='ocr_line' id='line_1_22' title="bbox 237 2339 1028 2416; baseline -0.006 -10"><span class='ocrx_word' id='word_1_128' title='bbox 237 2343 359 2406; x_wconf 88' lang='lat' dir='ltr'><strong>Rursus</strong></span> <span class='ocrx_word' id='word_1_129' title='bbox 373 2341 429 2405; x_wconf 91' lang='lat' dir='ltr'><strong>ubi</strong></span> <span class='ocrx_word' id='word_1_130' title='bbox 442 2341 527 2405; x_wconf 83' lang='lat' dir='ltr'><strong>alma</strong></span> <span class='ocrx_word' id='word_1_131' title='bbox 539 2341 606 2404; x_wconf 85' lang='lat' dir='ltr'><strong>(lies</strong></span> <span class='ocrx_word' id='word_1_132' title='bbox 618 2340 777 2404; x_wconf 84' lang='lat' dir='ltr'><strong>hebetaret</strong></span> <span class='ocrx_word' id='word_1_133' title='bbox 790 2339 902 2416; x_wconf 83' lang='lat' dir='ltr'><strong>sidere,</strong></span> <span class='ocrx_word' id='word_1_134' title='bbox 918 2342 1028 2402; x_wconf 83' lang='lat' dir='ltr'><strong>netem</strong></span> 
     </span>
     <span class='ocr_line' id='line_1_23' title="bbox 236 2438 919 2521; baseline -0.007 -19"><span class='ocrx_word' id='word_1_135' title='bbox 236 2439 310 2503; x_wconf 83' lang='lat' dir='ltr'><strong>selis</strong></span> <span class='ocrx_word' id='word_1_136' title='bbox 323 2439 363 2502; x_wconf 88' lang='lat' dir='ltr'><strong>ab</strong></span> <span class='ocrx_word' id='word_1_137' title='bbox 377 2458 488 2502; x_wconf 85' lang='lat' dir='ltr'><strong>oeeeen</strong></span> <span class='ocrx_word' id='word_1_138' title='bbox 502 2438 577 2501; x_wconf 90' lang='lat' dir='ltr'><strong>solis</strong></span> <span class='ocrx_word' id='word_1_139' title='bbox 590 2438 753 2521; x_wconf 75' lang='lat' dir='ltr'><strong>quaerebat</strong></span> <span class='ocrx_word' id='word_1_140' title='bbox 765 2438 806 2501; x_wconf 86' lang='lat' dir='ltr'><strong>ed</strong></span> <span class='ocrx_word' id='word_1_141' title='bbox 819 2441 919 2501; x_wconf 82' lang='lat' dir='ltr'><strong>ortus.</strong></span> 
     </span>
    </p>

    <p class='ocr_par' dir='ltr' id='par_1_8' title="bbox 234 2533 1135 3394">
     <span class='ocr_line' id='line_1_24' title="bbox 317 2533 1080 2617; baseline -0.004 -18"><span class='ocrx_word' id='word_1_142' title='bbox 317 2535 403 2612; x_wconf 80' lang='lat' dir='ltr'><strong>Quae</strong></span> <span class='ocrx_word' id='word_1_143' title='bbox 416 2537 476 2599; x_wconf 85' lang='lat' dir='ltr'><strong>dea</strong></span> <span class='ocrx_word' id='word_1_144' title='bbox 488 2555 546 2617; x_wconf 91' lang='lat' dir='ltr'><strong>per</strong></span> <span class='ocrx_word' id='word_1_145' title='bbox 560 2542 656 2598; x_wconf 83' lang='lat' dir='ltr'><strong>terres</strong></span> <span class='ocrx_word' id='word_1_146' title='bbox 667 2538 700 2599; x_wconf 88' lang='lat' dir='ltr'><strong>et</strong></span> <span class='ocrx_word' id='word_1_147' title='bbox 713 2554 789 2617; x_wconf 85' lang='lat' dir='ltr'><strong>quas</strong></span> <span class='ocrx_word' id='word_1_148' title='bbox 802 2533 952 2598; x_wconf 82' lang='lat' dir='ltr'><strong>erraverit</strong></span> <span class='ocrx_word' id='word_1_149' title='bbox 965 2534 1080 2609; x_wconf 82' lang='lat' dir='ltr'><strong>undae,</strong></span> 
     </span>
     <span class='ocr_line' id='line_1_25' title="bbox 236 2630 1033 2714; baseline -0.004 -17"><span class='ocrx_word' id='word_1_150' title='bbox 236 2633 341 2698; x_wconf 86' lang='lat' dir='ltr'><strong>dieere</strong></span> <span class='ocrx_word' id='word_1_151' title='bbox 353 2633 451 2714; x_wconf 84' lang='lat' dir='ltr'><strong>lenge</strong></span> <span class='ocrx_word' id='word_1_152' title='bbox 465 2636 627 2696; x_wconf 88' lang='lat' dir='ltr'><strong>moreest:</strong></span> <span class='ocrx_word' id='word_1_153' title='bbox 648 2631 806 2713; x_wconf 78' lang='lat' dir='ltr'><strong>quaerenti</strong></span> <span class='ocrx_word' id='word_1_154' title='bbox 821 2630 927 2702; x_wconf 82' lang='lat' dir='ltr'><strong>deluit</strong></span> <span class='ocrx_word' id='word_1_155' title='bbox 940 2630 1033 2694; x_wconf 89' lang='lat' dir='ltr'><strong>orbis.</strong></span> 
     </span>
     <span class='ocr_line' id='line_1_26' title="bbox 236 2728 1135 2810; baseline -0.002 -16"><span class='ocrx_word' id='word_1_156' title='bbox 236 2731 348 2794; x_wconf 81' lang='lat' dir='ltr'><strong>Nescit</strong></span> <span class='ocrx_word' id='word_1_157' title='bbox 360 2730 477 2803; x_wconf 71' lang='lat' dir='ltr'><strong>adhue,</strong></span> <span class='ocrx_word' id='word_1_158' title='bbox 494 2729 548 2792; x_wconf 88' lang='lat' dir='ltr'><strong>ubi</strong></span> <span class='ocrx_word' id='word_1_159' title='bbox 562 2729 619 2792; x_wconf 86' lang='lat' dir='ltr'><strong>sit:</strong></span> <span class='ocrx_word' id='word_1_160' title='bbox 639 2731 735 2792; x_wconf 87' lang='lat' dir='ltr'><strong>terras</strong></span> <span class='ocrx_word' id='word_1_161' title='bbox 748 2733 853 2791; x_wconf 84' lang='lat' dir='ltr'><strong>temen</strong></span> <span class='ocrx_word' id='word_1_162' title='bbox 867 2728 1013 2810; x_wconf 90' lang='lat' dir='ltr'><strong>inerepat</strong></span> <span class='ocrx_word' id='word_1_163' title='bbox 1026 2746 1135 2792; x_wconf 86' lang='lat' dir='ltr'><strong>omnes</strong></span> 
     </span>
     <span class='ocr_line' id='line_1_27' title="bbox 237 2824 1039 2910; baseline -0.002 -21"><span class='ocrx_word' id='word_1_164' title='bbox 237 2827 440 2910; x_wconf 81' lang='lat' dir='ltr'><strong>ingratusque</strong></span> <span class='ocrx_word' id='word_1_165' title='bbox 456 2831 545 2889; x_wconf 82' lang='lat' dir='ltr'><strong>roeat</strong></span> <span class='ocrx_word' id='word_1_166' title='bbox 558 2846 616 2890; x_wconf 87' lang='lat' dir='ltr'><strong>nee</strong></span> <span class='ocrx_word' id='word_1_167' title='bbox 629 2826 757 2907; x_wconf 77' lang='lat' dir='ltr'><strong>frugum</strong></span> <span class='ocrx_word' id='word_1_168' title='bbox 770 2845 902 2888; x_wconf 90' lang='lat' dir='ltr'><strong>munere</strong></span> <span class='ocrx_word' id='word_1_169' title='bbox 915 2824 1039 2906; x_wconf 83' lang='lat' dir='ltr'><strong>dignae,</strong></span> 
     </span>
     <span class='ocr_line' id='line_1_28' title="bbox 237 2921 1015 3005; baseline -0.004 -17"><span class='ocrx_word' id='word_1_170' title='bbox 237 2924 435 2990; x_wconf 77' lang='lat' dir='ltr'><strong>Trineeriam</strong></span> <span class='ocrx_word' id='word_1_171' title='bbox 449 2927 525 2988; x_wconf 84' lang='lat' dir='ltr'><strong>ente</strong></span> <span class='ocrx_word' id='word_1_172' title='bbox 538 2923 624 2999; x_wconf 85' lang='lat' dir='ltr'><strong>alias,</strong></span> <span class='ocrx_word' id='word_1_173' title='bbox 639 2922 673 2985; x_wconf 92' lang='lat' dir='ltr'><strong>in</strong></span> <span class='ocrx_word' id='word_1_174' title='bbox 686 2943 747 3005; x_wconf 89' lang='lat' dir='ltr'><strong>qus</strong></span> <span class='ocrx_word' id='word_1_175' title='bbox 760 2923 892 3004; x_wconf 78' lang='lat' dir='ltr'><strong>vestigia</strong></span> <span class='ocrx_word' id='word_1_176' title='bbox 904 2921 1015 2986; x_wconf 76' lang='lat' dir='ltr'><strong>damni</strong></span> 
     </span>
     <span class='ocr_line' id='line_1_29' title="bbox 237 3019 1004 3106; baseline -0.004 -21"><span class='ocrx_word' id='word_1_177' title='bbox 237 3021 389 3106; x_wconf 88' lang='lat' dir='ltr'><strong>repperit.</strong></span> <span class='ocrx_word' id='word_1_178' title='bbox 433 3021 519 3103; x_wconf 82' lang='lat' dir='ltr'><strong>Ergo</strong></span> <span class='ocrx_word' id='word_1_179' title='bbox 534 3021 600 3084; x_wconf 88' lang='lat' dir='ltr'><strong>illie</strong></span> <span class='ocrx_word' id='word_1_180' title='bbox 612 3039 699 3083; x_wconf 76' lang='lat' dir='ltr'><strong>saeue</strong></span> <span class='ocrx_word' id='word_1_181' title='bbox 712 3020 867 3084; x_wconf 75' lang='lat' dir='ltr'><strong>vertentia</strong></span> <span class='ocrx_word' id='word_1_182' title='bbox 878 3019 1004 3101; x_wconf 85' lang='lat' dir='ltr'><strong>glaebae</strong></span> 
     </span>
     <span class='ocr_line' id='line_1_30' title="bbox 235 3115 975 3201; baseline -0.004 -19"><span class='ocrx_word' id='word_1_183' title='bbox 235 3119 335 3201; x_wconf 78' lang='lat' dir='ltr'><strong>fregit</strong></span> <span class='ocrx_word' id='word_1_184' title='bbox 348 3121 453 3193; x_wconf 78' lang='lat' dir='ltr'><strong>aratra</strong></span> <span class='ocrx_word' id='word_1_185' title='bbox 467 3137 576 3192; x_wconf 87' lang='lat' dir='ltr'><strong>manu,</strong></span> <span class='ocrx_word' id='word_1_186' title='bbox 593 3117 741 3200; x_wconf 78' lang='lat' dir='ltr'><strong>parilique</strong></span> <span class='ocrx_word' id='word_1_187' title='bbox 754 3115 835 3180; x_wconf 79' lang='lat' dir='ltr'><strong>irate</strong></span> <span class='ocrx_word' id='word_1_188' title='bbox 847 3116 975 3179; x_wconf 85' lang='lat' dir='ltr'><strong>eolenee</strong></span> 
     </span>
     <span class='ocr_line' id='line_1_31' title="bbox 236 3212 985 3297; baseline -0.004 -19"><span class='ocrx_word' id='word_1_189' title='bbox 236 3215 449 3297; x_wconf 78' lang='lat' dir='ltr'><strong>nirieolesque</strong></span> <span class='ocrx_word' id='word_1_190' title='bbox 465 3215 558 3278; x_wconf 86' lang='lat' dir='ltr'><strong>boves</strong></span> <span class='ocrx_word' id='word_1_191' title='bbox 570 3214 633 3278; x_wconf 85' lang='lat' dir='ltr'><strong>lete</strong></span> <span class='ocrx_word' id='word_1_192' title='bbox 645 3213 879 3294; x_wconf 67' lang='lat' dir='ltr'><strong>deditumque</strong></span> <span class='ocrx_word' id='word_1_193' title='bbox 892 3212 985 3275; x_wconf 89' lang='lat' dir='ltr'><strong>iussit</strong></span> 
     </span>
     <span class='ocr_line' id='line_1_32' title="bbox 234 3310 955 3394; baseline -0.007 -18"><span class='ocrx_word' id='word_1_194' title='bbox 234 3313 346 3377; x_wconf 78' lang='lat' dir='ltr'><strong>fellere</strong></span> <span class='ocrx_word' id='word_1_195' title='bbox 360 3312 542 3394; x_wconf 86' lang='lat' dir='ltr'><strong>depositum</strong></span> <span class='ocrx_word' id='word_1_196' title='bbox 555 3311 723 3393; x_wconf 76' lang='lat' dir='ltr'><strong>vitiataque</strong></span> <span class='ocrx_word' id='word_1_197' title='bbox 736 3311 855 3373; x_wconf 86' lang='lat' dir='ltr'><strong>semine</strong></span> <span class='ocrx_word' id='word_1_198' title='bbox 868 3310 955 3374; x_wconf 80' lang='lat' dir='ltr'><strong>iecit.</strong></span> 
     </span>
    </p>

    <p class='ocr_par' dir='ltr' id='par_1_9' title="bbox 235 3408 1091 3982">
     <span class='ocr_line' id='line_1_33' title="bbox 317 3408 1039 3490; baseline -0.004 -17"><span class='ocrx_word' id='word_1_199' title='bbox 317 3409 481 3474; x_wconf 74' lang='lat' dir='ltr'><strong>Fertilitas</strong></span> <span class='ocrx_word' id='word_1_200' title='bbox 496 3413 595 3473; x_wconf 88' lang='lat' dir='ltr'><strong>terrae</strong></span> <span class='ocrx_word' id='word_1_201' title='bbox 606 3408 706 3470; x_wconf 85' lang='lat' dir='ltr'><strong>latum</strong></span> <span class='ocrx_word' id='word_1_202' title='bbox 720 3408 848 3490; x_wconf 81' lang='lat' dir='ltr'><strong>rulgete</strong></span> <span class='ocrx_word' id='word_1_203' title='bbox 861 3427 918 3490; x_wconf 90' lang='lat' dir='ltr'><strong>per</strong></span> <span class='ocrx_word' id='word_1_204' title='bbox 931 3408 1039 3471; x_wconf 89' lang='lat' dir='ltr'><strong>orbem</strong></span> 
     </span>
     <span class='ocr_line' id='line_1_34' title="bbox 235 3504 1061 3589; baseline -0.006 -17"><span class='ocrx_word' id='word_1_205' title='bbox 235 3509 316 3572; x_wconf 84' lang='lat' dir='ltr'><strong>feles</strong></span> <span class='ocrx_word' id='word_1_206' title='bbox 329 3507 425 3572; x_wconf 84' lang='lat' dir='ltr'><strong>iseet:</strong></span> <span class='ocrx_word' id='word_1_207' title='bbox 447 3506 560 3589; x_wconf 89' lang='lat' dir='ltr'><strong>primis</strong></span> <span class='ocrx_word' id='word_1_208' title='bbox 573 3509 687 3588; x_wconf 81' lang='lat' dir='ltr'><strong>segetes</strong></span> <span class='ocrx_word' id='word_1_209' title='bbox 700 3505 881 3568; x_wconf 81' lang='lat' dir='ltr'><strong>moriuntur</strong></span> <span class='ocrx_word' id='word_1_210' title='bbox 894 3504 930 3567; x_wconf 90' lang='lat' dir='ltr'><strong>in</strong></span> <span class='ocrx_word' id='word_1_211' title='bbox 942 3504 1061 3580; x_wconf 90' lang='lat' dir='ltr'><strong>herbis,</strong></span> 
     </span>
     <span class='ocr_line' id='line_1_35' title="bbox 235 3601 1091 3685; baseline -0.007 -15"><span class='ocrx_word' id='word_1_212' title='bbox 235 3611 270 3670; x_wconf 88' lang='lat' dir='ltr'><strong>et</strong></span> <span class='ocrx_word' id='word_1_213' title='bbox 281 3606 377 3669; x_wconf 87' lang='lat' dir='ltr'><strong>modo</strong></span> <span class='ocrx_word' id='word_1_214' title='bbox 391 3605 438 3668; x_wconf 89' lang='lat' dir='ltr'><strong>sol</strong></span> <span class='ocrx_word' id='word_1_215' title='bbox 452 3603 582 3679; x_wconf 89' lang='lat' dir='ltr'><strong>nimius,</strong></span> <span class='ocrx_word' id='word_1_216' title='bbox 598 3602 713 3666; x_wconf 85' lang='lat' dir='ltr'><strong>nimius</strong></span> <span class='ocrx_word' id='word_1_217' title='bbox 726 3604 819 3668; x_wconf 86' lang='lat' dir='ltr'><strong>mede</strong></span> <span class='ocrx_word' id='word_1_218' title='bbox 833 3602 966 3685; x_wconf 88' lang='lat' dir='ltr'><strong>eorripit</strong></span> <span class='ocrx_word' id='word_1_219' title='bbox 978 3601 1091 3678; x_wconf 85' lang='lat' dir='ltr'><strong>imber,</strong></span> 
     </span>
     <span class='ocr_line' id='line_1_36' title="bbox 235 3701 1043 3786; baseline -0.005 -18"><span class='ocrx_word' id='word_1_220' title='bbox 235 3704 401 3786; x_wconf 77' lang='lat' dir='ltr'><strong>sideraque</strong></span> <span class='ocrx_word' id='word_1_221' title='bbox 414 3701 565 3785; x_wconf 78' lang='lat' dir='ltr'><strong>ventique</strong></span> <span class='ocrx_word' id='word_1_222' title='bbox 578 3703 701 3778; x_wconf 88' lang='lat' dir='ltr'><strong>noeent,</strong></span> <span class='ocrx_word' id='word_1_223' title='bbox 717 3701 887 3785; x_wconf 77' lang='lat' dir='ltr'><strong>aridaeque</strong></span> <span class='ocrx_word' id='word_1_224' title='bbox 900 3701 1043 3765; x_wconf 79' lang='lat' dir='ltr'><strong>volueres</strong></span> 
     </span>
     <span class='ocr_line' id='line_1_37' title="bbox 235 3798 1063 3891; baseline -0.007 -25"><span class='ocrx_word' id='word_1_225' title='bbox 235 3802 356 3867; x_wconf 85' lang='lat' dir='ltr'><strong>semina</strong></span> <span class='ocrx_word' id='word_1_226' title='bbox 369 3801 453 3865; x_wconf 84' lang='lat' dir='ltr'><strong>iente</strong></span> <span class='ocrx_word' id='word_1_227' title='bbox 465 3801 592 3891; x_wconf 82' lang='lat' dir='ltr'><strong>legunt3</strong></span> <span class='ocrx_word' id='word_1_228' title='bbox 612 3799 722 3864; x_wconf 89' lang='lat' dir='ltr'><strong>lolium</strong></span> <span class='ocrx_word' id='word_1_229' title='bbox 736 3800 909 3884; x_wconf 87' lang='lat' dir='ltr'><strong>tribulique</strong></span> <span class='ocrx_word' id='word_1_230' title='bbox 922 3798 1063 3879; x_wconf 83' lang='lat' dir='ltr'><strong>fatigent</strong></span> 
     </span>
     <span class='ocr_line' id='line_1_38' title="bbox 235 3897 970 3982; baseline -0.005 -18"><span class='ocrx_word' id='word_1_231' title='bbox 235 3900 376 3964; x_wconf 88' lang='lat' dir='ltr'><strong>tritieeee</strong></span> <span class='ocrx_word' id='word_1_232' title='bbox 389 3917 514 3973; x_wconf 85' lang='lat' dir='ltr'><strong>messes,</strong></span> <span class='ocrx_word' id='word_1_233' title='bbox 531 3900 563 3961; x_wconf 89' lang='lat' dir='ltr'><strong>et</strong></span> <span class='ocrx_word' id='word_1_234' title='bbox 576 3897 816 3982; x_wconf 79' lang='lat' dir='ltr'><strong>inexpugnabile</strong></span> <span class='ocrx_word' id='word_1_235' title='bbox 830 3917 970 3980; x_wconf 80' lang='lat' dir='ltr'><strong>gramen.</strong></span> 
     </span>
    </p>

    <p class='ocr_par' dir='ltr' id='par_1_10' title="bbox 317 3993 1015 4080">
     <span class='ocr_line' id='line_1_39' title="bbox 317 3993 1015 4080; baseline -0.004 -21"><span class='ocrx_word' id='word_1_236' title='bbox 317 3998 402 4060; x_wconf 74' lang='lat' dir='ltr'><strong>&#39;lum</strong></span> <span class='ocrx_word' id='word_1_237' title='bbox 416 3998 515 4080; x_wconf 84' lang='lat' dir='ltr'><strong>eeput</strong></span> <span class='ocrx_word' id='word_1_238' title='bbox 529 3995 614 4059; x_wconf 76' lang='lat' dir='ltr'><strong>Eleis</strong></span> <span class='ocrx_word' id='word_1_239' title='bbox 627 3995 776 4079; x_wconf 75' lang='lat' dir='ltr'><strong>Alpheias</strong></span> <span class='ocrx_word' id='word_1_240' title='bbox 788 3996 905 4060; x_wconf 83' lang='lat' dir='ltr'><strong>&#39;extulit</strong></span> <span class='ocrx_word' id='word_1_241' title='bbox 917 3993 1015 4058; x_wconf 87' lang='lat' dir='ltr'><strong>undis</strong></span> 
     </span>
    </p>
   </div>
   <div class='ocr_carea' id='block_1_3' title="bbox 0 0 1666 4462">
    <p class='ocr_par' dir='ltr' id='par_1_11' title="bbox 0 0 1666 4462">
     <span class='ocr_line' id='line_1_40' title="bbox 0 0 1666 4462; baseline 0 0"><span class='ocrx_word' id='word_1_242' title='bbox 0 0 1666 4462; x_wconf 95' lang='lat' dir='ltr'><strong> </strong></span> 
     </span>
    </p>
   </div>
  </div>
 </body>
</html>
