3322 4462
98 289 99 292 Ἴ
228 235 271 300 44
419 234 448 279 P.
473 231 586 280 ovrnn
609 231 760 280 NASONIS
780 230 943 281 aarum
964 229 1117 280 ΒΕΒΕΟΤΔ.

229 384 353 449 Aeneae
363 383 516 466 genetrix,
531 383 614 447 vidit
627 403 753 467 quoque
767 382 856 448 triste
870 381 975 467 parari

229 482 372 567 pontifin‘
381 483 481 546 letum
494 485 527 547 et
539 482 704 546 coniurata
716 502 804 546 arma
816 481 947 558 moveri,

230 579 348 663 palluit
358 582 392 642 et
404 577 540 657 cunctis,
556 581 595 642 ut
609 578 727 661 cuique
741 580 810 641 erat
823 578 926 654 obvia,
944 577 1026 642 divis

233 675 405 758 ‘Adspice’
418 675 546 740 dicebat
562 679 704 758 ‘quante
716 673 797 738 mihi
811 674 894 739 mole
908 678 1064 756 parentur
1257 679 1316 742 765

230 773 374 849 insidiae,
388 775 571 855 quanteque
586 775 685 854 caput
699 791 773 836 cnm
786 771 902 835 fraude
914 775 1056 855 petatur,

230 871 319 955 quod
331 871 371 934 <te
381 869 544 934 Dardanio
558 870 663 934 solum
677 868 758 932 mihi
771 872 871 932 restat
886 870 969 934 Iulo.

232 967 346 1033 Soluue
357 987 479 1050 semper
493 987 546 1032 ero
560 967 655 1032 iustis
669 965 809 1031 exercita
823 967 937 1038 curie?

231 1085 328 1148 quam
340 1065 433 1130 mado
446 1064 590 1148 Tydidae
605 1063 782 1147 Calydonia
794 1064 943 1129 vulneret
956 1063 1060 1141 hasta,

230 1177 319 1226 nunc
331 1163 410 1226 male
424 1162 574 1226 defensae
588 1161 793 1236 confundant
805 1160 933 1224 moenia
946 1161 1080 1241 Troiam
1256 1163 1317 1228 ’770

230 1279 312 1342 quae
325 1259 447 1325 videam
459 1263 575 1324 natum
587 1259 693 1342 longis
708 1259 867 1325 erroribus
881 1263 994 1323 actum

91 1407 95 1416 .
230 1357 402 1440 iactarique
414 1357 500 1421 freto
515 1358 669 1441 sedesque
682 1356 804 1420 intrare
818 1356 984 1431 silentum,

231 1455 375 1538 bellaque
385 1475 460 1518 enm
475 1455 585 1519 Turno
599 1473 721 1538 gerere,
737 1457 806 1530 aut,
822 1453 849 1517 si
863 1473 940 1519 vera
952 1455 1104 1532 fatemur,

231 1572 306 1616 cum
320 1553 439 1617 Iunone
453 1553 581 1636 magis?
623 1552 709 1629 Quid
722 1571 809 1616 nunc
823 1552 959 1634 antiqua
971 1553 1121 1617 recordor

231 1651 348 1714 damna
359 1651 419 1714 nei
433 1651 558 1733 generis
571 1651 587 1714 i
628 1650 740 1714 Timor
752 1649 805 1713 hic
819 1649 1003 1714 meminisse
1016 1649 1160 1733 priorum
1256 1653 1316 1717 7⁷5

230 1766 297 1812 uon
311 1747 405 1812 sinit:
426 1767 467 1813 en
480 1747 552 1812 acui
567 1747 738 1812 sceleratos
752 1747 883 1811 cernitis
898 1767 998 1811 enses.

231 1843 318 1921 Quos
330 1844 504 1928 prehibete,
520 1864 643 1927 precor,
659 1844 850 1927 facinusque
864 1845 1023 1926 repellite,
1037 1865 1118 1908 neve

231 1943 328 2006 caede
340 1942 509 2006 scordotis
522 1942 667 2005 flammas
681 1940 878 2024 exstinguite
892 1942 1010 2006 Vestae
1023 1940 1052 2004 1’

309 2037 396 2100 Νι
406 2036 599 2118 nequiquam
612 2038 680 2099 toto
694 2037 803 2101 Venus
815 2035 910 2100 anxia
922 2036 1008 2100 caelo

228 2136 324 2200 verba
334 2135 415 2212 iau‘t,
430 2154 620 2218 superosque
633 2136 753 2212 movet3
775 2134 830 2216 qui
843 2153 991 2216 rumpere
1004 2145 1195 2217 quamquam
1254 2137 1313 2200 780

228 2234 330 2298 ferrea
342 2245 404 2297 nen
415 2236 548 2315 possunt
560 2236 704 2297 veterum
717 2233 842 2296 decreta
855 2251 1009 2308 sororum,

229 2332 319 2413 signa
331 2337 433 2396 tanen
446 2330 553 2394 luctus
565 2331 645 2392 dant
658 2329 742 2393 haud
758 2329 879 2392 ineerta
892 2329 1009 2392 futuri.

228 2428 328 2492 Arma
339 2429 446 2491 beant
458 2427 542 2490 inter
553 2427 662 2508 nigras
675 2426 862 2508 crepitantia
874 2427 976 2490 nubae

229 2526 438 2607 terribileque
450 2525 552 2601 tubas
567 2524 739 2606 auditaque
752 2543 870 2587 cornua
883 2524 968 2587 caelo

227 2623 454 2706 praemonuisse
467 2621 566 2687 nefas.
609 2620 1088 2706 Solisquoquetris'tisimugo⁸
1254 2624 1314 2687 785

229 2721 334 2784 lurida
345 2718 483 2785 sullicitis
495 2718 664 2802 praebebat
677 2718 800 2781 lumine
811 2718 913 2781 terrie.

231 2818 328 2901 Saepe
341 2819 419 2881 iaces
432 2815 516 2880 visae
529 2815 641 2879 mediis
654 2816 762 2880 ardere
776 2817 833 2878 sub
847 2815 951 2893 astris,

230 2935 321 2998 saepe
334 2915 414 2978 inter
425 2913 550 2977 nimbos
562 2917 674 2994 guttae
687 2912 825 2976 cecidere
838 2918 998 2977 cruentae.

231 3013 380 3077 anrnlnr
389 3014 422 3075 et
434 3012 561 3076 vultum
574 3010 738 3092 ferrugine
752 3009 882 3073 Lucifer
895 3014 965 3074 atra

230 3112 439 3193 sparsmeret
451 3107 549 3191 sparsi
562 3107 706 3173 Lunares
720 3111 877 3192 sanguine
892 3127 1015 3171 currus.
1257 3111 1316 3173 790

230 3206 348 3272 Tristia
357 3206 442 3268 mille
455 3204 532 3268 locis
546 3203 675 3286 Stygius
688 3203 778 3266 dedit
790 3203 897 3268 omine
910 3204 1005 3273 bubo,

230 3304 318 3367 mille
329 3303 402 3366 len
413 3301 590 3365 lacrimavit
603 3294 692 3375 ebur,
708 3304 880 3382 cantusque
893 3302 1044 3365 seruntur

230 3400 333 3464 auditi
345 3399 457 3464 unctis
469 3400 502 3464 et
515 3399 608 3462 verba
621 3398 778 3478 minantia
790 3398 880 3462 lucis.

230 3498 371 3562 Victima
379 3497 469 3561 nulla
480 3496 563 3571 litat,
580 3515 773 3578 magnosque
788 3495 905 3560 instare
918 3497 1077 3560 tumultus

231 3596 310 3659 fibra
322 3598 435 3671 menet,
452 3613 638 3676 caesumque
652 3596 749 3675 caput
762 3593 919 3675 reperitur
932 3593 968 3656 iu
981 3593 1075 3670 extis;
1258 3594 1317 3659 795

231 3693 326 3775 inque
339 3693 405 3756 tura
418 3691 598 3773 circumque
611 3691 721 3755 domos
734 3694 767 3754 et
779 3691 900 3773 temple
913 3692 1044 3755 deorum

231 3794 398 3855 nocturnus
410 3788 662 3867 ululasse'canee,
679 3789 866 3872 umbraeque
879 3789 1031 3854 silentum

224 3888 377 3956 errariare
386 3889 506 3966 ferunt,
522 3893 704 3972 motamque
717 3888 906 3952 tremoribus
917 3888 1040 3952 urbem.

312 3988 385 4052 Nan
395 3990 503 4052 tamen
515 3985 646 4053 insidias
658 3989 853 4070 venturaque
863 3986 990 4052 vincere
1002 3987 1069 4052 tata
