3322 4462
229 229 269 298 72
425 230 454 276 1³.
479 229 590 277 ovrnn
611 227 761 278 NASONIS
781 227 945 278 eamus
966 227 1124 279 sunnon.

229 383 318 447 Dum
331 379 417 460 lieet,
432 381 614 466 amplectar:
634 400 799 463 nunquam
812 382 944 444 tortasse
957 379 1067 444 licebit

267 479 420 564 amplius;
442 478 478 543 in
490 479 576 544 lucro
590 481 648 557 est,
664 499 742 562 quae
755 480 851 543 datur
863 479 943 543 hora
955 478 1062 542 mihi.'

229 579 297 644 Nee
312 597 411 654 mora,
427 577 574 642 sermonis
585 577 679 642 rerba
691 575 871 660 inperfecta
883 576 1041 660 relinquo,

267 675 481 759 complectens
492 675 595 741 animo
607 675 751 758 proxima
764 695 906 759 quaeque
919 694 999 739 mec.

229 775 318 839 Dum
331 773 444 857 loquor
456 776 490 838 et
501 774 619 851 flemus,
634 773 719 837 eaelo
732 773 943 837 nitidissimus
955 773 1032 848 alto,

269 871 361 936 stella
374 871 477 954 gravis
490 871 586 948 nobis,
601 871 731 934 Lucifer
743 873 832 935 ortus
845 874 922 936 erat

230 969 366 1033 Dividor
379 969 465 1033 haud
478 969 577 1046 aliter,
592 968 726 1051 quamsi
739 988 810 1033 mea
823 968 964 1033 membre
976 958 1167 1051 relinquam,

271 1070 304 1130 et
317 1086 389 1150 pars
402 1067 546 1151 abrumpi
558 1070 685 1148 corpore
698 1065 764 1130 vise
776 1087 833 1130 suo
846 1069 903 1130 est

233 1164 286 1229 Sic
298 1164 402 1228 doluit
416 1165 534 1230 Mettus
543 1168 633 1240 tune,
649 1183 722 1228 cum
735 1164 771 1228 in
784 1162 943 1228 contrarie
955 1182 1061 1228 uersos

272 1261 392 1326 ultores
404 1262 517 1327 hebuit
526 1261 713 1346 proditionis
726 1282 831 1345 equos.

234 1360 320 1424 Tum
332 1380 406 1424 vero
418 1361 555 1425 exoritur
566 1361 684 1425 clamor
696 1359 895 1443 gemitusque
908 1378 1063 1437 meorum,

274 1461 308 1522 et
319 1457 442 1522 feriunt
454 1461 585 1524 moestae
598 1461 724 1544 pectora
736 1459 824 1523 nuda
837 1477 959 1522 manus.

235 1555 320 1619 Tum
334 1575 407 1620 vero
419 1555 555 1620 coniunx
566 1555 683 1620 umeris
696 1555 842 1620 abeuntis
855 1553 1022 1618 inhaerens

274 1653 404 1716 miscuit
416 1653 492 1717 haec
504 1653 637 1717 lacrimis
651 1654 753 1717 tristia
765 1654 860 1718 uerba
873 1652 965 1716 meis:

239 1749 333 1813 ‘Non
347 1753 436 1832 potes
448 1750 551 1828 avelli3
570 1750 665 1813 simul
678 1749 764 1826 hine,
780 1749 875 1813 simul
888 1748 1031 1824 ibimus,’
1046 1747 1168 1832 inquit:

279 1847 330 1910 ‘te
344 1866 455 1929 sequar
466 1849 500 1911 et
509 1845 646 1910 coniunx
658 1847 773 1911 exsulis
785 1847 874 1910 exsul
887 1866 949 1910 ero.

237 1942 283 2006 ut
294 1941 376 2006 mihi
388 1943 474 2007 taeta
485 1943 535 2008 via
545 1947 602 2020 est,
616 1946 650 2007 et
662 1964 713 2008 me
725 1943 813 2026 capit
825 1943 940 2007 ultima
953 1942 1062 2009 tellus:

275 2041 422 2104 secedam
434 2041 582 2124 profugae
595 2041 715 2106 sarcina
726 2061 824 2124 parva
834 2041 908 2105 rati.

234 2138 282 2201 Te
295 2138 417 2202 iubete
428 2138 531 2222 patrie
541 2139 697 2204 discedere
711 2138 851 2222 Gesseris
864 2138 922 2214 ira,

273 2255 325 2298 me
339 2235 454 2316 pietus:
474 2236 572 2318 pietus
583 2237 660 2300 haee
673 2236 752 2299 mibi
767 2236 880 2300 anear
892 2234 979 2300 erit’

231 2330 324 2394 Talia
337 2333 522 2413 temptabat,
536 2334 618 2398 sicut
630 2337 841 2417 temptaverat
853 2337 938 2409 ante,

271 2429 386 2510 vixque
399 2429 489 2492 dedit
501 2429 596 2494 rictas
609 2431 748 2495 utilitate
761 2451 886 2518 manus.

228 2525 388 2605 'Egredior
402 2525 481 2606 (sive
493 2527 571 2589 illud
583 2530 651 2591 erat
663 2527 731 2590 eine
744 2525 858 2604 funere
871 2526 976 2608 ferri),

271 2621 443 2702 squalidus,
459 2622 592 2687 ismiesis
605 2623 689 2687 hirta
701 2637 757 2705 per
771 2643 826 2687 ore
838 2623 946 2710 comis.

232 2717 295 2779 Illa
307 2717 413 2780 dolore
426 2737 531 2782 amens
541 2719 677 2783 tenebris
689 2723 837 2782 narratur
850 2719 969 2784 obortis

274 2813 466 2878 semianimis
478 2815 578 2884 medie
589 2816 789 2898 procubuisse
803 2817 912 2881 domo:

234 2914 334 2994 utque
347 2911 516 2974 resurrexit
526 2912 658 2976 foedatis
671 2913 798 2995 pulvere
811 2913 900 2997 turpi

274 3008 415 3072 crinibus
427 3012 461 3071 et
472 3009 573 3090 gelida
584 3011 724 3072 membra
736 3010 852 3074 levarit
864 3011 975 3088 humo,

232 3125 265 3170 ee
279 3105 384 3181 modo,
400 3106 535 3170 desertos
546 3107 639 3170 modo
652 3108 847 3189 conploresse
862 3110 1006 3185 Penates,

273 3221 388 3266 nomen
403 3204 436 3265 et
448 3203 545 3285 erepti
557 3222 647 3286 saepe
660 3223 781 3267 vocasse
796 3205 871 3282 viri3

189 3377 191 3381 ι
231 3318 290 3363 nec
304 3299 458 3381 gemuime
471 3299 583 3376 minue,
599 3320 693 3382 quam
706 3301 733 3364 si
747 3304 901 3384 nataeque
914 3302 1037 3385 virique

271 3395 402 3460 vidisset
415 3399 547 3461 structos
559 3417 672 3480 eorpus
684 3398 799 3462 babere
812 3418 919 3481 rogos3

230 3496 264 3556 et
277 3493 411 3558 voluisse
425 3494 515 3570 mori,
529 3496 689 3559 moriendo
703 3516 819 3578 ponere
833 3507 952 3572 seusus,

271 3596 478 3675 respectuque
491 3595 593 3656 temen
606 3613 671 3657 nou
685 3594 813 3676 periisse
827 3595 901 3658 mei.

230 3685 344 3751 Vivat!
365 3692 398 3751 et
411 3688 567 3752 absentem
583 3688 743 3771 (quoniam
759 3690 803 3754 sic
816 3691 885 3754 fota
897 3689 1057 3779 tulerunt)

270 3784 358 3849 vivat
370 3787 404 3848 et
416 3785 532 3850 auxilio
543 3785 682 3852 sublevet
694 3807 794 3871 usque
806 3807 874 3855 suo.
