3322 4462
224 233 269 297 24
421 234 451 282 Ρ.
478 235 589 283 curm
609 233 758 284 ursolus
777 234 941 284 CABIIM
961 235 1118 284 ΒΗΜΛ.

222 404 335 450 rernm
348 405 437 450 amor
449 389 512 464 est3
533 405 632 470 neque
645 385 705 450 erit
717 385 807 450 nobis
820 405 916 468 gener
929 385 984 452 iile
997 386 1126 470 pudori,

223 487 261 546 tn
275 483 381 561 modo,
398 483 482 558 dira,
496 484 582 548 reiis
625 484 673 549 Ut
684 484 789 549 desint
801 491 914 561 cetera,
928 488 1086 568 quantum
1099 487 1149 551 est

223 601 288 646 esse
302 581 387 646 Iovis
399 583 546 646 fratrom!
587 581 668 658 Quid
683 583 767 666 qnod
780 602 845 646 non
859 586 963 646 cetera
977 585 1094 647 desunt

222 699 282 744 uec
296 680 381 743 cedit
395 679 456 743 nisi
470 682 552 745 sorta
565 679 668 743 mihi?
687 681 740 745 sed
755 679 843 744 tanta
856 681 974 763 cupido

222 779 250 841 si
266 777 323 842 tibi
337 777 463 842 discidii
477 781 534 854 est,
550 781 670 861 repetat
682 778 867 861 Proserpina
880 779 1015 864 caelum,

222 875 292 956 lege
306 879 414 938 tamen
428 881 523 951 certa,
536 875 563 939 si
574 875 678 940 nullos
691 876 825 957 contigit
837 875 905 959 illio

222 991 277 1035 ore
290 973 390 1051 cibos3
412 992 487 1036 nam
500 973 544 1036 sic
557 974 724 1037 Parcarum
737 974 861 1038 foedere
874 977 1007 1037 cnutum
1019 973 1093 1038 est.’

303 1070 448 1134 Dixerat.
491 1071 538 1133 At
551 1070 655 1136 Ooreri
669 1073 789 1135 certum
803 1074 851 1135 est
863 1071 998 1135 educere
1010 1074 1132 1136 natam.

222 1167 299 1230 Nou
312 1167 359 1231 ito
371 1169 440 1232 iata
453 1167 574 1245 sinunt,
589 1168 737 1250 quoniam
751 1168 869 1232 ieiunia
881 1169 972 1252 virgo

223 1264 358 1329 solverat
371 1274 415 1342 et,
431 1265 527 1330 cultis
540 1266 616 1329 dum
629 1266 761 1350 simplex
774 1271 857 1330 errat
870 1266 905 1330 in
919 1265 1032 1342 hortis,

224 1363 416 1427 Poeniceum
428 1383 526 1427 curva
539 1364 733 1446 decerpserat
744 1365 853 1427 arbore
865 1382 999 1446 pomum

223 1465 414 1544 sumptaque
427 1460 559 1544 pallenti
571 1464 688 1544 septem
703 1462 742 1525 de
755 1457 869 1525 cortice
882 1481 983 1544 grana

222 1563 377 1642 presserat
391 1578 443 1623 ore
457 1578 525 1623 suo.

303 1655 351 1719 At
363 1656 487 1720 medius
500 1657 668 1738 fratrisque
682 1656 729 1719 sui
743 1659 940 1738 moestaeque
953 1655 1068 1721 sororis

223 1753 372 1836 Iuppiter
385 1773 425 1816 ex
437 1773 537 1837 aequo
549 1754 726 1817 volventem
739 1753 855 1817 dividit
867 1773 1001 1817 annum.

223 1851 322 1916 Nunc
335 1851 405 1928 dea,
420 1871 591 1934 regnorum
604 1870 722 1915 numen
735 1871 901 1915 commune
915 1852 1064 1929 duorum,

223 1969 298 2012 oum
311 1953 414 2012 matre
427 1953 476 2013 cst
488 1949 631 2040 totidem,
647 1949 777 2013 totidem
790 1959 864 2012 cum
878 1949 1015 2033 coniuge
1027 1968 1160 2014 menses.

223 2046 373 2110 Vertitur
385 2047 544 2131 extemplo
556 2046 653 2111 facies
664 2049 698 2110 st
710 2046 825 2112 mentis
837 2051 871 2111 et
884 2047 962 2112 oris:

223 2163 299 2235 narn
313 2145 409 2208 modo
422 2164 503 2227 quae
515 2131 638 2227 poterat
650 2144 720 2208 Diti
733 2164 858 2228 quoque
871 2149 991 2209 ms'esta
1004 2144 1117 2221 videri,

222 2241 307 2305 laeta
320 2242 396 2306 deae
408 2243 499 2314 drona
512 2245 569 2316 est,
584 2244 622 2305 nt
634 2242 691 2319 sol,
708 2241 762 2323 qui
775 2245 878 2306 tectus
891 2241 1016 2326 aquosis

223 2337 364 2401 nubibus
376 2341 451 2402 ante
464 2337 540 2414 fuit,
554 2337 646 2403 victis
658 2357 676 2402 e
689 2338 825 2402 nubibus
837 2338 914 2402 exit

443 2665 473 2727 9.
512 2663 762 2728 DAEDALUS
788 2663 886 2726 AND
914 2662 1101 2728 IOARUS.

599 2857 675 2903 nm.
692 2856 772 2903 v111.
788 2844 938 2904 183-235.

304 3013 465 3086 Daedalus
479 3017 598 3082 interea
611 3017 724 3082 Orotan
737 3018 932 3101 longumque
946 3038 1076 3102 perosus

222 3115 370 3180 exsilium
385 3118 550 3196 tactusque
562 3114 623 3178 loci
636 3114 749 3178 natalis
761 3135 866 3178 amore

223 3214 347 3278 ebusus
361 3216 429 3276 erat
443 3212 564 3294 pelago.
607 3211 736 3276 ‘Terras
749 3211 842 3276 licot’
858 3212 966 3294 iuquit
981 3212 1032 3276 ‘et
1045 3213 1149 3277 undas

222 3312 382 3374 obstruat:
403 3314 437 3373 at
450 3310 572 3374 caelum
585 3313 668 3372 corta
680 3312 782 3391 patet3
803 3308 920 3372 ibimus
933 3309 1017 3372 illac.

224 3406 341 3470 Omnia
354 3408 522 3490 possideat,
537 3426 602 3470 non
615 3406 751 3488 possidet
764 3413 836 3470 aera
849 3406 980 3470 Minos.’

304 3504 407 3579 Dixit,
424 3506 457 3568 et
470 3504 593 3586 ignotas
606 3504 747 3567 animum
761 3504 898 3568 dimittit
911 3503 947 3567 in
960 3508 1043 3568 artes

222 3604 435 3682 naturamque
447 3603 555 3664 uorat.
595 3601 680 3664 Nam
692 3603 784 3684 ponit
796 3602 832 3665 in
846 3602 956 3666 ordine
969 3621 1101 3684 pennas,

222 3719 242 3761 a
255 3697 390 3761 minima
403 3701 539 3780 coeptas,
553 3698 680 3780 longam
693 3701 831 3764 breviore
844 3699 1000 3783 sequenti,

222 3799 261 3861 nt
273 3797 356 3861 olivo
370 3796 503 3862 creuisse
516 3800 616 3881 putes
659 3797 712 3864 Sic
725 3799 842 3864 rustica
855 3799 1018 3882 qnondam

223 3897 330 3960 fistula
343 3895 523 3979 disparibus
534 3896 687 3978 paulatim
701 3897 801 3980 surgit
814 3896 931 3962 arsum.

194 3991 196 3996 ’
225 3994 310 4057 Tum
324 3992 390 4059 lino
403 3993 525 4058 medias
537 3996 569 4059 et
581 3994 659 4060 ceris
671 3994 790 4077 adligat
803 3994 892 4072 imas,
