<?xml version="1.0" encoding="UTF-8"?>
<!DOCTYPE html PUBLIC "-//W3C//DTD XHTML 1.0 Transitional//EN"
    "http://www.w3.org/TR/xhtml1/DTD/xhtml1-transitional.dtd">
<html xmlns="http://www.w3.org/1999/xhtml" xml:lang="en" lang="en">
 <head>
  <title>
</title>
<meta http-equiv="Content-Type" content="text/html;charset=utf-8" />
  <meta name='ocr-system' content='tesseract 3.04.00' />
  <meta name='ocr-capabilities' content='ocr_page ocr_carea ocr_par ocr_line ocrx_word'/>
</head>
<body>
  <div class='ocr_page' id='page_1' title='image "./selectionsfromo00andegoog_0065.png"; bbox 0 0 3322 4462; ppageno 0'>
   <div class='ocr_carea' id='block_1_1' title="bbox 223 227 1120 304">
    <p class='ocr_par' dir='ltr' id='par_1_1' title="bbox 223 227 1120 304">
     <span class='ocr_line' id='line_1_1' title="bbox 223 227 1120 304; baseline 0.006 -15"><span class='ocrx_word' id='word_1_1' title='bbox 223 227 265 304; x_wconf 85' lang='lat'><strong>48</strong></span> <span class='ocrx_word' id='word_1_2' title='bbox 417 245 447 291; x_wconf 72' lang='grc' dir='ltr'><strong>Ρ.</strong></span> <span class='ocrx_word' id='word_1_3' title='bbox 471 243 588 292; x_wconf 84' lang='lat' dir='ltr'><strong>ovrnn</strong></span> <span class='ocrx_word' id='word_1_4' title='bbox 609 243 761 293; x_wconf 78' lang='lat' dir='ltr'><strong>unsonra</strong></span> <span class='ocrx_word' id='word_1_5' title='bbox 783 243 945 292; x_wconf 77' lang='lat' dir='ltr'><strong>aunuum</strong></span> <span class='ocrx_word' id='word_1_6' title='bbox 965 245 1120 294; x_wconf 78' lang='lat' dir='ltr'><strong>sennem.</strong></span> 
     </span>
    </p>
   </div>
   <div class='ocr_carea' id='block_1_2' title="bbox 225 394 1109 3897">
    <p class='ocr_par' dir='ltr' id='par_1_2' title="bbox 226 394 954 578">
     <span class='ocr_line' id='line_1_2' title="bbox 226 394 900 477; baseline 0.004 -20"><span class='ocrx_word' id='word_1_7' title='bbox 226 394 365 477; x_wconf 73' lang='lat' dir='ltr'><strong>Argolici</strong></span> <span class='ocrx_word' id='word_1_8' title='bbox 378 395 498 461; x_wconf 86' lang='lat' dir='ltr'><strong>rediere</strong></span> <span class='ocrx_word' id='word_1_9' title='bbox 512 397 620 474; x_wconf 71' lang='lat' dir='ltr'><strong>duom,</strong></span> <span class='ocrx_word' id='word_1_10' title='bbox 635 395 748 462; x_wconf 89' lang='lat' dir='ltr'><strong>altaria</strong></span> <span class='ocrx_word' id='word_1_11' title='bbox 761 396 900 474; x_wconf 76' lang='lat' dir='ltr'><strong>fumant,</strong></span> 
     </span>
     <span class='ocr_line' id='line_1_3' title="bbox 266 493 954 578; baseline 0.003 -20"><span class='ocrx_word' id='word_1_12' title='bbox 266 493 395 578; x_wconf 89' lang='lat' dir='ltr'><strong>ponitur</strong></span> <span class='ocrx_word' id='word_1_13' title='bbox 407 495 449 558; x_wconf 87' lang='lat' dir='ltr'><strong>ad</strong></span> <span class='ocrx_word' id='word_1_14' title='bbox 462 494 582 578; x_wconf 84' lang='lat' dir='ltr'><strong>patrios</strong></span> <span class='ocrx_word' id='word_1_15' title='bbox 597 495 728 558; x_wconf 87' lang='lat' dir='ltr'><strong>barbara</strong></span> <span class='ocrx_word' id='word_1_16' title='bbox 741 497 859 578; x_wconf 90' lang='lat' dir='ltr'><strong>praeda</strong></span> <span class='ocrx_word' id='word_1_17' title='bbox 871 498 954 560; x_wconf 83' lang='lat' dir='ltr'><strong>daos.</strong></span> 
     </span>
    </p>

    <p class='ocr_par' dir='ltr' id='par_1_3' title="bbox 227 591 1041 758">
     <span class='ocr_line' id='line_1_4' title="bbox 227 591 1041 677; baseline 0.005 -21"><span class='ocrx_word' id='word_1_18' title='bbox 227 591 323 656; x_wconf 79' lang='lat' dir='ltr'><strong>Grata</strong></span> <span class='ocrx_word' id='word_1_19' title='bbox 335 594 445 657; x_wconf 79' lang='lat' dir='ltr'><strong>lerunt</strong></span> <span class='ocrx_word' id='word_1_20' title='bbox 459 594 617 677; x_wconf 82' lang='lat' dir='ltr'><strong>nymphae</strong></span> <span class='ocrx_word' id='word_1_21' title='bbox 632 614 690 676; x_wconf 89' lang='lat' dir='ltr'><strong>pro</strong></span> <span class='ocrx_word' id='word_1_22' title='bbox 704 594 798 658; x_wconf 85' lang='lat' dir='ltr'><strong>salvis</strong></span> <span class='ocrx_word' id='word_1_23' title='bbox 810 596 895 659; x_wconf 89' lang='lat' dir='ltr'><strong>dona</strong></span> <span class='ocrx_word' id='word_1_24' title='bbox 908 596 1041 660; x_wconf 79' lang='lat' dir='ltr'><strong>maritis:</strong></span> 
     </span>
     <span class='ocr_line' id='line_1_5' title="bbox 264 691 840 758; baseline 0.005 -4"><span class='ocrx_word' id='word_1_25' title='bbox 264 691 313 754; x_wconf 93' lang='lat' dir='ltr'><strong>illi</strong></span> <span class='ocrx_word' id='word_1_26' title='bbox 325 691 409 755; x_wconf 81' lang='lat' dir='ltr'><strong>vieta</strong></span> <span class='ocrx_word' id='word_1_27' title='bbox 422 691 488 754; x_wconf 90' lang='lat' dir='ltr'><strong>suis</strong></span> <span class='ocrx_word' id='word_1_28' title='bbox 502 691 615 755; x_wconf 81' lang='lat' dir='ltr'><strong>Troioa</strong></span> <span class='ocrx_word' id='word_1_29' title='bbox 627 693 696 756; x_wconf 79' lang='lat' dir='ltr'><strong>iata</strong></span> <span class='ocrx_word' id='word_1_30' title='bbox 711 697 840 758; x_wconf 85' lang='lat' dir='ltr'><strong>eanunt.</strong></span> 
     </span>
    </p>

    <p class='ocr_par' dir='ltr' id='par_1_4' title="bbox 226 789 1002 972">
     <span class='ocr_line' id='line_1_6' title="bbox 226 789 1002 874; baseline 0 -20"><span class='ocrx_word' id='word_1_31' title='bbox 226 789 383 854; x_wconf 75' lang='lat' dir='ltr'><strong>Mirantur</strong></span> <span class='ocrx_word' id='word_1_32' title='bbox 395 789 535 873; x_wconf 85' lang='lat' dir='ltr'><strong>iustique</strong></span> <span class='ocrx_word' id='word_1_33' title='bbox 547 810 636 854; x_wconf 84' lang='lat' dir='ltr'><strong>senes</strong></span> <span class='ocrx_word' id='word_1_34' title='bbox 649 790 854 874; x_wconf 72' lang='lat' dir='ltr'><strong>trepidaeque</strong></span> <span class='ocrx_word' id='word_1_35' title='bbox 867 792 1002 874; x_wconf 82' lang='lat' dir='ltr'><strong>puellae:</strong></span> 
     </span>
     <span class='ocr_line' id='line_1_7' title="bbox 264 888 908 972; baseline 0.003 -21"><span class='ocrx_word' id='word_1_36' title='bbox 264 888 420 952; x_wconf 84' lang='lat' dir='ltr'><strong>narrantis</strong></span> <span class='ocrx_word' id='word_1_37' title='bbox 432 888 573 951; x_wconf 88' lang='lat' dir='ltr'><strong>oouiunx</strong></span> <span class='ocrx_word' id='word_1_38' title='bbox 586 889 706 972; x_wconf 78' lang='lat' dir='ltr'><strong>pendet</strong></span> <span class='ocrx_word' id='word_1_39' title='bbox 719 890 758 952; x_wconf 91' lang='lat' dir='ltr'><strong>ab</strong></span> <span class='ocrx_word' id='word_1_40' title='bbox 772 909 825 952; x_wconf 89' lang='lat' dir='ltr'><strong>ore</strong></span> <span class='ocrx_word' id='word_1_41' title='bbox 839 888 908 954; x_wconf 82' lang='lat' dir='ltr'><strong>viri.</strong></span> 
     </span>
    </p>

    <p class='ocr_par' dir='ltr' id='par_1_5' title="bbox 226 984 1097 1166">
     <span class='ocr_line' id='line_1_8' title="bbox 226 984 1097 1070; baseline 0.003 -23"><span class='ocrx_word' id='word_1_42' title='bbox 226 984 352 1068; x_wconf 87' lang='lat' dir='ltr'><strong>Iamque</strong></span> <span class='ocrx_word' id='word_1_43' title='bbox 366 985 480 1068; x_wconf 89' lang='lat' dir='ltr'><strong>aliquis</strong></span> <span class='ocrx_word' id='word_1_44' title='bbox 492 986 596 1068; x_wconf 85' lang='lat' dir='ltr'><strong>posita</strong></span> <span class='ocrx_word' id='word_1_45' title='bbox 608 989 767 1050; x_wconf 76' lang='lat' dir='ltr'><strong>monstret</strong></span> <span class='ocrx_word' id='word_1_46' title='bbox 779 987 848 1050; x_wconf 78' lang='lat' dir='ltr'><strong>tera</strong></span> <span class='ocrx_word' id='word_1_47' title='bbox 860 986 977 1070; x_wconf 87' lang='lat' dir='ltr'><strong>proelia</strong></span> <span class='ocrx_word' id='word_1_48' title='bbox 988 1006 1097 1050; x_wconf 83' lang='lat' dir='ltr'><strong>mensa</strong></span> 
     </span>
     <span class='ocr_line' id='line_1_9' title="bbox 263 1082 905 1166; baseline 0.003 -21"><span class='ocrx_word' id='word_1_49' title='bbox 263 1082 368 1166; x_wconf 83' lang='lat' dir='ltr'><strong>pingit</strong></span> <span class='ocrx_word' id='word_1_50' title='bbox 380 1087 413 1146; x_wconf 88' lang='lat' dir='ltr'><strong>et</strong></span> <span class='ocrx_word' id='word_1_51' title='bbox 426 1083 540 1163; x_wconf 86' lang='lat' dir='ltr'><strong>exiguo</strong></span> <span class='ocrx_word' id='word_1_52' title='bbox 555 1083 710 1165; x_wconf 88' lang='lat' dir='ltr'><strong>Pergama</strong></span> <span class='ocrx_word' id='word_1_53' title='bbox 722 1087 791 1147; x_wconf 83' lang='lat' dir='ltr'><strong>tota</strong></span> <span class='ocrx_word' id='word_1_54' title='bbox 804 1103 905 1148; x_wconf 87' lang='lat' dir='ltr'><strong>mero:</strong></span> 
     </span>
    </p>

    <p class='ocr_par' dir='ltr' id='par_1_6' title="bbox 227 1179 930 1362">
     <span class='ocr_line' id='line_1_10' title="bbox 227 1179 930 1264; baseline 0 -20"><span class='ocrx_word' id='word_1_55' title='bbox 227 1181 315 1244; x_wconf 85' lang='lat' dir='ltr'><strong>‘Hae</strong></span> <span class='ocrx_word' id='word_1_56' title='bbox 327 1180 395 1243; x_wconf 90' lang='lat' dir='ltr'><strong>ibat</strong></span> <span class='ocrx_word' id='word_1_57' title='bbox 408 1179 534 1256; x_wconf 86' lang='lat' dir='ltr'><strong>Simois,</strong></span> <span class='ocrx_word' id='word_1_58' title='bbox 550 1181 629 1244; x_wconf 87' lang='lat' dir='ltr'><strong>haee</strong></span> <span class='ocrx_word' id='word_1_59' title='bbox 643 1185 692 1245; x_wconf 91' lang='lat' dir='ltr'><strong>est</strong></span> <span class='ocrx_word' id='word_1_60' title='bbox 705 1181 812 1264; x_wconf 81' lang='lat' dir='ltr'><strong>Sigeia</strong></span> <span class='ocrx_word' id='word_1_61' title='bbox 824 1182 930 1258; x_wconf 89' lang='lat' dir='ltr'><strong>tellus,</strong></span> 
     </span>
     <span class='ocr_line' id='line_1_11' title="bbox 263 1265 900 1362; baseline 0.002 -20"><span class='ocrx_word' id='word_1_62' title='bbox 263 1279 316 1342; x_wconf 88' lang='lat' dir='ltr'><strong>hio</strong></span> <span class='ocrx_word' id='word_1_63' title='bbox 328 1281 459 1342; x_wconf 85' lang='lat' dir='ltr'><strong>steterat</strong></span> <span class='ocrx_word' id='word_1_64' title='bbox 473 1278 592 1342; x_wconf 81' lang='lat' dir='ltr'><strong>Priami</strong></span> <span class='ocrx_word' id='word_1_65' title='bbox 607 1279 693 1362; x_wconf 88' lang='lat' dir='ltr'><strong>regia</strong></span> <span class='ocrx_word' id='word_1_66' title='bbox 707 1265 789 1344; x_wconf 88' lang='lat' dir='ltr'><strong>oelsa</strong></span> <span class='ocrx_word' id='word_1_67' title='bbox 802 1280 900 1343; x_wconf 84' lang='lat' dir='ltr'><strong>senis:</strong></span> 
     </span>
    </p>

    <p class='ocr_par' dir='ltr' id='par_1_7' title="bbox 225 1375 973 1558">
     <span class='ocr_line' id='line_1_12' title="bbox 225 1375 848 1454; baseline 0.003 -16"><span class='ocrx_word' id='word_1_68' title='bbox 225 1375 290 1440; x_wconf 90' lang='lat' dir='ltr'><strong>illio</strong></span> <span class='ocrx_word' id='word_1_69' title='bbox 302 1377 463 1450; x_wconf 74' lang='lat' dir='ltr'><strong>Aeneidos,</strong></span> <span class='ocrx_word' id='word_1_70' title='bbox 479 1376 547 1440; x_wconf 88' lang='lat' dir='ltr'><strong>illio</strong></span> <span class='ocrx_word' id='word_1_71' title='bbox 561 1378 713 1441; x_wconf 86' lang='lat' dir='ltr'><strong>tendebat</strong></span> <span class='ocrx_word' id='word_1_72' title='bbox 725 1377 848 1454; x_wconf 82' lang='lat' dir='ltr'><strong>Ulixes,</strong></span> 
     </span>
     <span class='ocr_line' id='line_1_13' title="bbox 263 1474 973 1558; baseline 0.003 -20"><span class='ocrx_word' id='word_1_73' title='bbox 263 1475 316 1538; x_wconf 87' lang='lat' dir='ltr'><strong>hio</strong></span> <span class='ocrx_word' id='word_1_74' title='bbox 328 1475 410 1538; x_wconf 84' lang='lat' dir='ltr'><strong>laoer</strong></span> <span class='ocrx_word' id='word_1_75' title='bbox 423 1474 576 1538; x_wconf 83' lang='lat' dir='ltr'><strong>admissos</strong></span> <span class='ocrx_word' id='word_1_76' title='bbox 588 1475 706 1538; x_wconf 85' lang='lat' dir='ltr'><strong>terruit</strong></span> <span class='ocrx_word' id='word_1_77' title='bbox 720 1475 841 1538; x_wconf 88' lang='lat' dir='ltr'><strong>Heotor</strong></span> <span class='ocrx_word' id='word_1_78' title='bbox 854 1476 973 1558; x_wconf 76' lang='lat' dir='ltr'><strong>equoa’</strong></span> 
     </span>
    </p>

    <p class='ocr_par' dir='ltr' id='par_1_8' title="bbox 227 1573 1014 1752">
     <span class='ocr_line' id='line_1_14' title="bbox 227 1573 1014 1655; baseline 0 -19"><span class='ocrx_word' id='word_1_79' title='bbox 227 1573 341 1636; x_wconf 90' lang='lat' dir='ltr'><strong>Omnia</strong></span> <span class='ocrx_word' id='word_1_80' title='bbox 353 1591 490 1654; x_wconf 89' lang='lat' dir='ltr'><strong>namque</strong></span> <span class='ocrx_word' id='word_1_81' title='bbox 504 1576 560 1636; x_wconf 93' lang='lat' dir='ltr'><strong>tuo</strong></span> <span class='ocrx_word' id='word_1_82' title='bbox 574 1573 688 1653; x_wconf 75' lang='lat' dir='ltr'><strong>sanior,</strong></span> <span class='ocrx_word' id='word_1_83' title='bbox 705 1576 738 1636; x_wconf 81' lang='lat' dir='ltr'><strong>ta</strong></span> <span class='ocrx_word' id='word_1_84' title='bbox 752 1593 899 1655; x_wconf 85' lang='lat' dir='ltr'><strong>quaerere</strong></span> <span class='ocrx_word' id='word_1_85' title='bbox 911 1574 1014 1650; x_wconf 88' lang='lat' dir='ltr'><strong>misso,</strong></span> 
     </span>
     <span class='ocr_line' id='line_1_15' title="bbox 264 1670 903 1752; baseline -0.002 -19"><span class='ocrx_word' id='word_1_86' title='bbox 264 1671 430 1734; x_wconf 85' lang='lat' dir='ltr'><strong>rettulerat</strong></span> <span class='ocrx_word' id='word_1_87' title='bbox 442 1675 540 1752; x_wconf 87' lang='lat' dir='ltr'><strong>gnato</strong></span> <span class='ocrx_word' id='word_1_88' title='bbox 553 1670 682 1746; x_wconf 85' lang='lat' dir='ltr'><strong>Nestor,</strong></span> <span class='ocrx_word' id='word_1_89' title='bbox 699 1674 733 1733; x_wconf 89' lang='lat' dir='ltr'><strong>at</strong></span> <span class='ocrx_word' id='word_1_90' title='bbox 746 1671 800 1734; x_wconf 92' lang='lat' dir='ltr'><strong>illa</strong></span> <span class='ocrx_word' id='word_1_91' title='bbox 813 1670 903 1733; x_wconf 88' lang='lat' dir='ltr'><strong>mihi.</strong></span> 
     </span>
    </p>

    <p class='ocr_par' dir='ltr' id='par_1_9' title="bbox 228 1767 1048 1950">
     <span class='ocr_line' id='line_1_16' title="bbox 228 1767 1048 1851; baseline 0 -19"><span class='ocrx_word' id='word_1_92' title='bbox 228 1767 363 1832; x_wconf 85' lang='lat' dir='ltr'><strong>Rettulit</strong></span> <span class='ocrx_word' id='word_1_93' title='bbox 375 1778 408 1831; x_wconf 89' lang='lat' dir='ltr'><strong>et</strong></span> <span class='ocrx_word' id='word_1_94' title='bbox 420 1768 506 1832; x_wconf 78' lang='lat' dir='ltr'><strong>tarro</strong></span> <span class='ocrx_word' id='word_1_95' title='bbox 520 1768 725 1851; x_wconf 82' lang='lat' dir='ltr'><strong>Rhesumque</strong></span> <span class='ocrx_word' id='word_1_96' title='bbox 739 1768 925 1851; x_wconf 77' lang='lat' dir='ltr'><strong>Dolonaque</strong></span> <span class='ocrx_word' id='word_1_97' title='bbox 937 1789 1048 1844; x_wconf 85' lang='lat' dir='ltr'><strong>caesos,</strong></span> 
     </span>
     <span class='ocr_line' id='line_1_17' title="bbox 265 1865 950 1950; baseline -0.004 -21"><span class='ocrx_word' id='word_1_98' title='bbox 265 1870 364 1950; x_wconf 87' lang='lat' dir='ltr'><strong>utque</strong></span> <span class='ocrx_word' id='word_1_99' title='bbox 377 1866 487 1930; x_wconf 82' lang='lat' dir='ltr'><strong>sithiu</strong></span> <span class='ocrx_word' id='word_1_100' title='bbox 501 1886 611 1931; x_wconf 88' lang='lat' dir='ltr'><strong>somno</strong></span> <span class='ocrx_word' id='word_1_101' title='bbox 625 1865 782 1948; x_wconf 89' lang='lat' dir='ltr'><strong>proditus,</strong></span> <span class='ocrx_word' id='word_1_102' title='bbox 798 1866 853 1930; x_wconf 86' lang='lat' dir='ltr'><strong>illa</strong></span> <span class='ocrx_word' id='word_1_103' title='bbox 867 1867 950 1930; x_wconf 89' lang='lat' dir='ltr'><strong>dolo.</strong></span> 
     </span>
    </p>

    <p class='ocr_par' dir='ltr' id='par_1_10' title="bbox 228 1963 1049 2144">
     <span class='ocr_line' id='line_1_18' title="bbox 228 1963 1049 2047; baseline -0.002 -19"><span class='ocrx_word' id='word_1_104' title='bbox 228 1965 333 2028; x_wconf 85' lang='lat' dir='ltr'><strong>Ausus</strong></span> <span class='ocrx_word' id='word_1_105' title='bbox 345 1984 387 2038; x_wconf 85' lang='lat' dir='ltr'><strong>ea,</strong></span> <span class='ocrx_word' id='word_1_106' title='bbox 404 1985 423 2028; x_wconf 94' lang='lat' dir='ltr'><strong>o</strong></span> <span class='ocrx_word' id='word_1_107' title='bbox 436 1963 576 2027; x_wconf 89' lang='lat' dir='ltr'><strong>nimium</strong></span> <span class='ocrx_word' id='word_1_108' title='bbox 588 1964 789 2047; x_wconf 89' lang='lat' dir='ltr'><strong>nimiumque</strong></span> <span class='ocrx_word' id='word_1_109' title='bbox 803 1963 900 2028; x_wconf 91' lang='lat' dir='ltr'><strong>oblita</strong></span> <span class='ocrx_word' id='word_1_110' title='bbox 912 1966 1049 2042; x_wconf 89' lang='lat' dir='ltr'><strong>tuorum,</strong></span> 
     </span>
     <span class='ocr_line' id='line_1_19' title="bbox 267 2061 919 2144; baseline -0.002 -19"><span class='ocrx_word' id='word_1_111' title='bbox 267 2061 401 2125; x_wconf 75' lang='lat' dir='ltr'><strong>Thracia</strong></span> <span class='ocrx_word' id='word_1_112' title='bbox 414 2065 572 2125; x_wconf 81' lang='lat' dir='ltr'><strong>nocturno</strong></span> <span class='ocrx_word' id='word_1_113' title='bbox 587 2065 718 2144; x_wconf 88' lang='lat' dir='ltr'><strong>tangere</strong></span> <span class='ocrx_word' id='word_1_114' title='bbox 731 2065 833 2124; x_wconf 89' lang='lat' dir='ltr'><strong>eastra</strong></span> <span class='ocrx_word' id='word_1_115' title='bbox 847 2061 919 2125; x_wconf 93' lang='lat' dir='ltr'><strong>dolo</strong></span> 
     </span>
    </p>

    <p class='ocr_par' dir='ltr' id='par_1_11' title="bbox 227 2159 995 2321">
     <span class='ocr_line' id='line_1_20' title="bbox 227 2159 995 2243; baseline 0 -19"><span class='ocrx_word' id='word_1_116' title='bbox 227 2163 337 2243; x_wconf 88' lang='lat' dir='ltr'><strong>totque</strong></span> <span class='ocrx_word' id='word_1_117' title='bbox 349 2159 445 2223; x_wconf 89' lang='lat' dir='ltr'><strong>simul</strong></span> <span class='ocrx_word' id='word_1_118' title='bbox 459 2165 597 2223; x_wconf 77' lang='lat' dir='ltr'><strong>mactare</strong></span> <span class='ocrx_word' id='word_1_119' title='bbox 611 2160 705 2236; x_wconf 85' lang='lat' dir='ltr'><strong>viros,</strong></span> <span class='ocrx_word' id='word_1_120' title='bbox 722 2159 851 2223; x_wconf 85' lang='lat' dir='ltr'><strong>adiutus</strong></span> <span class='ocrx_word' id='word_1_121' title='bbox 864 2160 904 2223; x_wconf 91' lang='lat' dir='ltr'><strong>ab</strong></span> <span class='ocrx_word' id='word_1_122' title='bbox 917 2163 995 2224; x_wconf 90' lang='lat' dir='ltr'><strong>unol</strong></span> 
     </span>
     <span class='ocr_line' id='line_1_21' title="bbox 267 2256 962 2321; baseline 0 -1"><span class='ocrx_word' id='word_1_123' title='bbox 267 2257 312 2320; x_wconf 85' lang='lat' dir='ltr'><strong>At</strong></span> <span class='ocrx_word' id='word_1_124' title='bbox 324 2257 403 2320; x_wconf 87' lang='lat' dir='ltr'><strong>bene</strong></span> <span class='ocrx_word' id='word_1_125' title='bbox 416 2260 530 2320; x_wconf 83' lang='lat' dir='ltr'><strong>cautus</strong></span> <span class='ocrx_word' id='word_1_126' title='bbox 542 2277 611 2320; x_wconf 86' lang='lat' dir='ltr'><strong>eras</strong></span> <span class='ocrx_word' id='word_1_127' title='bbox 624 2262 657 2320; x_wconf 87' lang='lat' dir='ltr'><strong>et</strong></span> <span class='ocrx_word' id='word_1_128' title='bbox 670 2260 878 2320; x_wconf 89' lang='lat' dir='ltr'><strong>memorante</strong></span> <span class='ocrx_word' id='word_1_129' title='bbox 891 2256 962 2321; x_wconf 85' lang='lat' dir='ltr'><strong>mei.</strong></span> 
     </span>
    </p>

    <p class='ocr_par' dir='ltr' id='par_1_12' title="bbox 228 2339 1059 2534">
     <span class='ocr_line' id='line_1_22' title="bbox 228 2339 1059 2437; baseline -0.002 -18"><span class='ocrx_word' id='word_1_130' title='bbox 228 2355 335 2437; x_wconf 83' lang='lat' dir='ltr'><strong>Usque</strong></span> <span class='ocrx_word' id='word_1_131' title='bbox 347 2356 435 2417; x_wconf 90' lang='lat' dir='ltr'><strong>metu</strong></span> <span class='ocrx_word' id='word_1_132' title='bbox 450 2339 587 2418; x_wconf 75' lang='lat' dir='ltr'><strong>miodere</strong></span> <span class='ocrx_word' id='word_1_133' title='bbox 602 2353 700 2430; x_wconf 86' lang='lat' dir='ltr'><strong>sinus,</strong></span> <span class='ocrx_word' id='word_1_134' title='bbox 718 2355 796 2417; x_wconf 88' lang='lat' dir='ltr'><strong>dum</strong></span> <span class='ocrx_word' id='word_1_135' title='bbox 810 2353 911 2417; x_wconf 83' lang='lat' dir='ltr'><strong>vietor</strong></span> <span class='ocrx_word' id='word_1_136' title='bbox 923 2355 1059 2417; x_wconf 89' lang='lat' dir='ltr'><strong>amioum</strong></span> 
     </span>
     <span class='ocr_line' id='line_1_23' title="bbox 267 2451 951 2534; baseline 0 -20"><span class='ocrx_word' id='word_1_137' title='bbox 267 2452 370 2516; x_wconf 88' lang='lat' dir='ltr'><strong>dietus</strong></span> <span class='ocrx_word' id='word_1_138' title='bbox 382 2472 416 2514; x_wconf 84' lang='lat' dir='ltr'><strong>es</strong></span> <span class='ocrx_word' id='word_1_139' title='bbox 429 2451 570 2515; x_wconf 86' lang='lat' dir='ltr'><strong>Ismariis</strong></span> <span class='ocrx_word' id='word_1_140' title='bbox 583 2452 642 2514; x_wconf 86' lang='lat' dir='ltr'><strong>isse</strong></span> <span class='ocrx_word' id='word_1_141' title='bbox 656 2471 713 2533; x_wconf 87' lang='lat' dir='ltr'><strong>per</strong></span> <span class='ocrx_word' id='word_1_142' title='bbox 725 2471 841 2533; x_wconf 84' lang='lat' dir='ltr'><strong>agmen</strong></span> <span class='ocrx_word' id='word_1_143' title='bbox 854 2452 951 2534; x_wconf 83' lang='lat' dir='ltr'><strong>equis.</strong></span> 
     </span>
    </p>

    <p class='ocr_par' dir='ltr' id='par_1_13' title="bbox 229 2547 1024 2728">
     <span class='ocr_line' id='line_1_24' title="bbox 229 2547 1024 2632; baseline -0.001 -21"><span class='ocrx_word' id='word_1_144' title='bbox 229 2548 289 2632; x_wconf 82' lang='lat' dir='ltr'><strong>Sed</strong></span> <span class='ocrx_word' id='word_1_145' title='bbox 303 2547 382 2611; x_wconf 91' lang='lat' dir='ltr'><strong>mihi</strong></span> <span class='ocrx_word' id='word_1_146' title='bbox 396 2549 473 2632; x_wconf 89' lang='lat' dir='ltr'><strong>quid</strong></span> <span class='ocrx_word' id='word_1_147' title='bbox 487 2549 617 2630; x_wconf 87' lang='lat' dir='ltr'><strong>prodest</strong></span> <span class='ocrx_word' id='word_1_148' title='bbox 629 2547 742 2611; x_wconf 87' lang='lat' dir='ltr'><strong>vestris</strong></span> <span class='ocrx_word' id='word_1_149' title='bbox 755 2547 887 2611; x_wconf 77' lang='lat' dir='ltr'><strong>disiecta</strong></span> <span class='ocrx_word' id='word_1_150' title='bbox 898 2547 1024 2611; x_wconf 80' lang='lat' dir='ltr'><strong>lacertis</strong></span> 
     </span>
     <span class='ocr_line' id='line_1_25' title="bbox 267 2645 923 2728; baseline -0.005 -19"><span class='ocrx_word' id='word_1_151' title='bbox 267 2646 352 2722; x_wconf 89' lang='lat' dir='ltr'><strong>Ilios,</strong></span> <span class='ocrx_word' id='word_1_152' title='bbox 368 2649 400 2710; x_wconf 91' lang='lat' dir='ltr'><strong>et</strong></span> <span class='ocrx_word' id='word_1_153' title='bbox 413 2666 525 2708; x_wconf 85' lang='lat' dir='ltr'><strong>murus</strong></span> <span class='ocrx_word' id='word_1_154' title='bbox 539 2645 623 2728; x_wconf 90' lang='lat' dir='ltr'><strong>quod</strong></span> <span class='ocrx_word' id='word_1_155' title='bbox 638 2645 714 2722; x_wconf 76' lang='lat' dir='ltr'><strong>fuit,</strong></span> <span class='ocrx_word' id='word_1_156' title='bbox 731 2664 797 2708; x_wconf 90' lang='lat' dir='ltr'><strong>esse</strong></span> <span class='ocrx_word' id='word_1_157' title='bbox 810 2645 923 2720; x_wconf 82' lang='lat' dir='ltr'><strong>solum,</strong></span> 
     </span>
    </p>

    <p class='ocr_par' dir='ltr' id='par_1_14' title="bbox 229 2742 984 2924">
     <span class='ocr_line' id='line_1_26' title="bbox 229 2742 943 2826; baseline -0.004 -19"><span class='ocrx_word' id='word_1_158' title='bbox 229 2743 256 2807; x_wconf 90' lang='lat' dir='ltr'><strong>si</strong></span> <span class='ocrx_word' id='word_1_159' title='bbox 269 2763 378 2807; x_wconf 89' lang='lat' dir='ltr'><strong>maneo</strong></span> <span class='ocrx_word' id='word_1_160' title='bbox 392 2743 494 2826; x_wconf 86' lang='lat' dir='ltr'><strong>qualis</strong></span> <span class='ocrx_word' id='word_1_161' title='bbox 507 2743 603 2806; x_wconf 83' lang='lat' dir='ltr'><strong>Troia</strong></span> <span class='ocrx_word' id='word_1_162' title='bbox 616 2743 754 2805; x_wconf 87' lang='lat' dir='ltr'><strong>durante</strong></span> <span class='ocrx_word' id='word_1_163' title='bbox 768 2742 943 2818; x_wconf 88' lang='lat' dir='ltr'><strong>manebam,</strong></span> 
     </span>
     <span class='ocr_line' id='line_1_27' title="bbox 269 2838 984 2924; baseline -0.004 -19"><span class='ocrx_word' id='word_1_164' title='bbox 269 2841 376 2924; x_wconf 81' lang='lat' dir='ltr'><strong>virque</strong></span> <span class='ocrx_word' id='word_1_165' title='bbox 390 2840 471 2903; x_wconf 91' lang='lat' dir='ltr'><strong>mihi</strong></span> <span class='ocrx_word' id='word_1_166' title='bbox 484 2840 615 2922; x_wconf 86' lang='lat' dir='ltr'><strong>dempto</strong></span> <span class='ocrx_word' id='word_1_167' title='bbox 629 2840 693 2902; x_wconf 90' lang='lat' dir='ltr'><strong>fine</strong></span> <span class='ocrx_word' id='word_1_168' title='bbox 707 2838 862 2902; x_wconf 81' lang='lat' dir='ltr'><strong>carendus</strong></span> <span class='ocrx_word' id='word_1_169' title='bbox 875 2840 984 2902; x_wconf 80' lang='lat' dir='ltr'><strong>abest?</strong></span> 
     </span>
    </p>

    <p class='ocr_par' dir='ltr' id='par_1_15' title="bbox 232 2936 1030 3022">
     <span class='ocr_line' id='line_1_28' title="bbox 232 2936 1030 3022; baseline -0.005 -20"><span class='ocrx_word' id='word_1_170' title='bbox 232 2937 363 3022; x_wconf 86' lang='lat' dir='ltr'><strong>[Diruta</strong></span> <span class='ocrx_word' id='word_1_171' title='bbox 375 2941 453 3000; x_wconf 90' lang='lat' dir='ltr'><strong>sunt</strong></span> <span class='ocrx_word' id='word_1_172' title='bbox 466 2937 547 3012; x_wconf 87' lang='lat' dir='ltr'><strong>aliis,</strong></span> <span class='ocrx_word' id='word_1_173' title='bbox 564 2937 623 3000; x_wconf 90' lang='lat' dir='ltr'><strong>uni</strong></span> <span class='ocrx_word' id='word_1_174' title='bbox 638 2936 719 3000; x_wconf 86' lang='lat' dir='ltr'><strong>mihi</strong></span> <span class='ocrx_word' id='word_1_175' title='bbox 735 2937 889 3018; x_wconf 87' lang='lat' dir='ltr'><strong>Pergama</strong></span> <span class='ocrx_word' id='word_1_176' title='bbox 901 2939 1030 3012; x_wconf 83' lang='lat' dir='ltr'><strong>restant,</strong></span> 
     </span>
    </p>

    <p class='ocr_par' dir='ltr' id='par_1_16' title="bbox 236 3031 920 3120">
     <span class='ocr_line' id='line_1_29' title="bbox 236 3031 920 3120; baseline -0.004 -21"><span class='ocrx_word' id='word_1_177' title='bbox 236 3115 239 3120; x_wconf 15' lang='grc' dir='ltr'><strong>Δ</strong></span> <span class='ocrx_word' id='word_1_178' title='bbox 268 3035 370 3099; x_wconf 88' lang='lat' dir='ltr'><strong>ineola</strong></span> <span class='ocrx_word' id='word_1_179' title='bbox 382 3035 508 3119; x_wconf 83' lang='lat' dir='ltr'><strong>captivo</strong></span> <span class='ocrx_word' id='word_1_180' title='bbox 523 3056 602 3118; x_wconf 88' lang='lat' dir='ltr'><strong>quae</strong></span> <span class='ocrx_word' id='word_1_181' title='bbox 616 3035 694 3098; x_wconf 80' lang='lat' dir='ltr'><strong>bore</strong></span> <span class='ocrx_word' id='word_1_182' title='bbox 707 3034 809 3098; x_wconf 85' lang='lat' dir='ltr'><strong>vietor</strong></span> <span class='ocrx_word' id='word_1_183' title='bbox 822 3031 920 3115; x_wconf 82' lang='lat' dir='ltr'><strong>arat3]</strong></span> 
     </span>
    </p>

    <p class='ocr_par' dir='ltr' id='par_1_17' title="bbox 229 3131 1068 3310">
     <span class='ocr_line' id='line_1_30' title="bbox 229 3131 1068 3214; baseline -0.006 -17"><span class='ocrx_word' id='word_1_184' title='bbox 229 3135 290 3198; x_wconf 89' lang='lat' dir='ltr'><strong>iam</strong></span> <span class='ocrx_word' id='word_1_185' title='bbox 304 3151 389 3214; x_wconf 82' lang='lat' dir='ltr'><strong>seges</strong></span> <span class='ocrx_word' id='word_1_186' title='bbox 402 3137 460 3207; x_wconf 87' lang='lat' dir='ltr'><strong>est,</strong></span> <span class='ocrx_word' id='word_1_187' title='bbox 477 3132 533 3196; x_wconf 89' lang='lat' dir='ltr'><strong>nbi</strong></span> <span class='ocrx_word' id='word_1_188' title='bbox 547 3131 643 3195; x_wconf 81' lang='lat' dir='ltr'><strong>Troia</strong></span> <span class='ocrx_word' id='word_1_189' title='bbox 655 3132 731 3208; x_wconf 78' lang='lat' dir='ltr'><strong>tuit,</strong></span> <span class='ocrx_word' id='word_1_190' title='bbox 748 3131 1068 3214; x_wconf 80' lang='lat' dir='ltr'><strong>resecandaquefulee</strong></span> 
     </span>
     <span class='ocr_line' id='line_1_31' title="bbox 267 3227 1016 3310; baseline -0.004 -18"><span class='ocrx_word' id='word_1_191' title='bbox 267 3230 408 3293; x_wconf 86' lang='lat' dir='ltr'><strong>luxuriat</strong></span> <span class='ocrx_word' id='word_1_192' title='bbox 422 3228 562 3310; x_wconf 85' lang='lat' dir='ltr'><strong>Phrygio</strong></span> <span class='ocrx_word' id='word_1_193' title='bbox 576 3227 731 3310; x_wconf 87' lang='lat' dir='ltr'><strong>sanguine</strong></span> <span class='ocrx_word' id='word_1_194' title='bbox 744 3227 873 3310; x_wconf 87' lang='lat' dir='ltr'><strong>pinguis</strong></span> <span class='ocrx_word' id='word_1_195' title='bbox 886 3228 1016 3304; x_wconf 85' lang='lat' dir='ltr'><strong>humus3</strong></span> 
     </span>
    </p>

    <p class='ocr_par' dir='ltr' id='par_1_18' title="bbox 229 3325 962 3502">
     <span class='ocr_line' id='line_1_32' title="bbox 229 3325 962 3410; baseline -0.004 -19"><span class='ocrx_word' id='word_1_196' title='bbox 229 3327 426 3410; x_wconf 83' lang='lat' dir='ltr'><strong>semisepulta</strong></span> <span class='ocrx_word' id='word_1_197' title='bbox 440 3326 545 3390; x_wconf 85' lang='lat' dir='ltr'><strong>virum</strong></span> <span class='ocrx_word' id='word_1_198' title='bbox 559 3326 664 3388; x_wconf 82' lang='lat' dir='ltr'><strong>curvis</strong></span> <span class='ocrx_word' id='word_1_199' title='bbox 677 3325 840 3389; x_wconf 78' lang='lat' dir='ltr'><strong>feriuntur</strong></span> <span class='ocrx_word' id='word_1_200' title='bbox 852 3326 962 3388; x_wconf 75' lang='lat' dir='ltr'><strong>aratris</strong></span> 
     </span>
     <span class='ocr_line' id='line_1_33' title="bbox 267 3423 917 3502; baseline -0.005 -14"><span class='ocrx_word' id='word_1_201' title='bbox 267 3445 345 3500; x_wconf 86' lang='lat' dir='ltr'><strong>ossa,</strong></span> <span class='ocrx_word' id='word_1_202' title='bbox 360 3425 504 3502; x_wconf 84' lang='lat' dir='ltr'><strong>ruinosas</strong></span> <span class='ocrx_word' id='word_1_203' title='bbox 517 3423 635 3487; x_wconf 87' lang='lat' dir='ltr'><strong>oeoulit</strong></span> <span class='ocrx_word' id='word_1_204' title='bbox 647 3423 746 3486; x_wconf 85' lang='lat' dir='ltr'><strong>herba</strong></span> <span class='ocrx_word' id='word_1_205' title='bbox 759 3423 917 3486; x_wconf 89' lang='lat' dir='ltr'><strong>domos—</strong></span> 
     </span>
    </p>

    <p class='ocr_par' dir='ltr' id='par_1_19' title="bbox 231 3520 1064 3706">
     <span class='ocr_line' id='line_1_34' title="bbox 231 3520 1064 3602; baseline -0.007 -15"><span class='ocrx_word' id='word_1_206' title='bbox 231 3523 329 3587; x_wconf 84' lang='lat' dir='ltr'><strong>viotor</strong></span> <span class='ocrx_word' id='word_1_207' title='bbox 341 3524 423 3599; x_wconf 90' lang='lat' dir='ltr'><strong>abes,</strong></span> <span class='ocrx_word' id='word_1_208' title='bbox 440 3542 498 3586; x_wconf 87' lang='lat' dir='ltr'><strong>neo</strong></span> <span class='ocrx_word' id='word_1_209' title='bbox 512 3522 590 3585; x_wconf 83' lang='lat' dir='ltr'><strong>seire</strong></span> <span class='ocrx_word' id='word_1_210' title='bbox 604 3521 696 3597; x_wconf 88' lang='lat' dir='ltr'><strong>mihi,</strong></span> <span class='ocrx_word' id='word_1_211' title='bbox 713 3540 792 3602; x_wconf 86' lang='lat' dir='ltr'><strong>quae</strong></span> <span class='ocrx_word' id='word_1_212' title='bbox 806 3541 899 3583; x_wconf 88' lang='lat' dir='ltr'><strong>eausa</strong></span> <span class='ocrx_word' id='word_1_213' title='bbox 911 3520 1064 3596; x_wconf 91' lang='lat' dir='ltr'><strong>morandi,</strong></span> 
     </span>
     <span class='ocr_line' id='line_1_35' title="bbox 268 3619 893 3706; baseline -0.005 -22"><span class='ocrx_word' id='word_1_214' title='bbox 268 3623 324 3685; x_wconf 89' lang='lat' dir='ltr'><strong>aut</strong></span> <span class='ocrx_word' id='word_1_215' title='bbox 336 3621 370 3683; x_wconf 89' lang='lat' dir='ltr'><strong>in</strong></span> <span class='ocrx_word' id='word_1_216' title='bbox 385 3640 447 3706; x_wconf 87' lang='lat' dir='ltr'><strong>quo</strong></span> <span class='ocrx_word' id='word_1_217' title='bbox 461 3620 559 3682; x_wconf 87' lang='lat' dir='ltr'><strong>lateas</strong></span> <span class='ocrx_word' id='word_1_218' title='bbox 572 3619 696 3682; x_wconf 81' lang='lat' dir='ltr'><strong>ferreus</strong></span> <span class='ocrx_word' id='word_1_219' title='bbox 709 3620 793 3694; x_wconf 91' lang='lat' dir='ltr'><strong>orbe,</strong></span> <span class='ocrx_word' id='word_1_220' title='bbox 810 3619 893 3681; x_wconf 89' lang='lat' dir='ltr'><strong>lieet.</strong></span> 
     </span>
    </p>

    <p class='ocr_par' dir='ltr' id='par_1_20' title="bbox 231 3715 1109 3897">
     <span class='ocr_line' id='line_1_36' title="bbox 231 3715 1109 3802; baseline -0.006 -21"><span class='ocrx_word' id='word_1_221' title='bbox 231 3717 375 3802; x_wconf 78' lang='lat' dir='ltr'><strong>Quisquis</strong></span> <span class='ocrx_word' id='word_1_222' title='bbox 388 3718 430 3781; x_wconf 91' lang='lat' dir='ltr'><strong>ad</strong></span> <span class='ocrx_word' id='word_1_223' title='bbox 442 3717 521 3781; x_wconf 89' lang='lat' dir='ltr'><strong>haeo</strong></span> <span class='ocrx_word' id='word_1_224' title='bbox 534 3717 632 3781; x_wconf 79' lang='lat' dir='ltr'><strong>vertit</strong></span> <span class='ocrx_word' id='word_1_225' title='bbox 644 3715 844 3799; x_wconf 88' lang='lat' dir='ltr'><strong>peregrinam</strong></span> <span class='ocrx_word' id='word_1_226' title='bbox 857 3715 951 3779; x_wconf 91' lang='lat' dir='ltr'><strong>litora</strong></span> <span class='ocrx_word' id='word_1_227' title='bbox 962 3715 1109 3798; x_wconf 89' lang='lat' dir='ltr'><strong>puppim,</strong></span> 
     </span>
     <span class='ocr_line' id='line_1_37' title="bbox 270 3813 868 3897; baseline -0.008 -17"><span class='ocrx_word' id='word_1_228' title='bbox 270 3816 322 3880; x_wconf 86' lang='lat' dir='ltr'><strong>ille</strong></span> <span class='ocrx_word' id='word_1_229' title='bbox 334 3815 414 3879; x_wconf 87' lang='lat' dir='ltr'><strong>mihi</strong></span> <span class='ocrx_word' id='word_1_230' title='bbox 428 3816 468 3880; x_wconf 90' lang='lat' dir='ltr'><strong>da</strong></span> <span class='ocrx_word' id='word_1_231' title='bbox 482 3818 514 3880; x_wconf 90' lang='lat' dir='ltr'><strong>te</strong></span> <span class='ocrx_word' id='word_1_232' title='bbox 528 3815 632 3878; x_wconf 89' lang='lat' dir='ltr'><strong>multa</strong></span> <span class='ocrx_word' id='word_1_233' title='bbox 646 3818 775 3897; x_wconf 90' lang='lat' dir='ltr'><strong>rogatus</strong></span> <span class='ocrx_word' id='word_1_234' title='bbox 787 3813 868 3877; x_wconf 87' lang='lat' dir='ltr'><strong>abit:</strong></span> 
     </span>
    </p>
   </div>
   <div class='ocr_carea' id='block_1_3' title="bbox 232 3911 1077 4106">
    <p class='ocr_par' dir='ltr' id='par_1_21' title="bbox 232 3911 1077 4106">
     <span class='ocr_line' id='line_1_38' title="bbox 232 3911 1077 3999; baseline -0.013 -15"><span class='ocrx_word' id='word_1_235' title='bbox 232 3934 384 3999; x_wconf 84' lang='lat' dir='ltr'><strong>quamque</strong></span> <span class='ocrx_word' id='word_1_236' title='bbox 398 3914 457 3978; x_wconf 90' lang='lat' dir='ltr'><strong>tibi</strong></span> <span class='ocrx_word' id='word_1_237' title='bbox 472 3914 595 3990; x_wconf 85' lang='lat' dir='ltr'><strong>reddat,</strong></span> <span class='ocrx_word' id='word_1_238' title='bbox 612 3912 639 3977; x_wconf 88' lang='lat' dir='ltr'><strong>si</strong></span> <span class='ocrx_word' id='word_1_239' title='bbox 653 3917 686 3976; x_wconf 89' lang='lat' dir='ltr'><strong>te</strong></span> <span class='ocrx_word' id='word_1_240' title='bbox 700 3913 794 3977; x_wconf 88' lang='lat' dir='ltr'><strong>modo</strong></span> <span class='ocrx_word' id='word_1_241' title='bbox 807 3911 923 3976; x_wconf 87' lang='lat' dir='ltr'><strong>viderit</strong></span> <span class='ocrx_word' id='word_1_242' title='bbox 935 3931 1077 3994; x_wconf 85' lang='lat' dir='ltr'><strong>usquam,</strong></span> 
     </span>
     <span class='ocr_line' id='line_1_39' title="bbox 270 4011 966 4106; baseline -0.007 -27"><span class='ocrx_word' id='word_1_243' title='bbox 270 4013 406 4079; x_wconf 91' lang='lat' dir='ltr'><strong>traditur</strong></span> <span class='ocrx_word' id='word_1_244' title='bbox 419 4013 497 4076; x_wconf 88' lang='lat' dir='ltr'><strong>huie</strong></span> <span class='ocrx_word' id='word_1_245' title='bbox 511 4011 622 4095; x_wconf 90' lang='lat' dir='ltr'><strong>digitis</strong></span> <span class='ocrx_word' id='word_1_246' title='bbox 635 4012 746 4076; x_wconf 82' lang='lat' dir='ltr'><strong>charta</strong></span> <span class='ocrx_word' id='word_1_247' title='bbox 760 4015 869 4106; x_wconf 75' lang='lat' dir='ltr'><strong>notata</strong></span> <span class='ocrx_word' id='word_1_248' title='bbox 882 4011 966 4074; x_wconf 85' lang='lat' dir='ltr'><strong>meis.</strong></span> 
     </span>
    </p>
   </div>
   <div class='ocr_carea' id='block_1_4' title="bbox 0 0 1673 4462">
    <p class='ocr_par' dir='ltr' id='par_1_22' title="bbox 0 0 1673 4462">
     <span class='ocr_line' id='line_1_40' title="bbox 0 0 1673 4462; baseline 0 0"><span class='ocrx_word' id='word_1_249' title='bbox 0 0 1673 4462; x_wconf 95' lang='lat' dir='ltr'><strong> </strong></span> 
     </span>
    </p>
   </div>
  </div>
 </body>
</html>
