3322 4462
229 226 267 294 14
424 225 454 272 P·
478 224 592 272 0V11r11
614 223 941 275 reuomentem
961 225 1117 274 SELEOTA.

226 396 300 444 rure
314 395 423 456 senem
445 375 578 441 Battum
593 363 709 442 vicinia
722 379 787 442 tota
799 379 957 444 vocabant

226 475 346 540 Divitis
358 475 416 557 hiel
425 475 524 539 saltus
537 475 729 560 herbosaque
741 496 853 561 peeeua
863 477 954 542 Nelei

225 574 445 657 nobiliumque
458 593 567 658 greges
580 579 685 639 eustos
700 576 838 640 eembat
850 595 1011 659 equarum.
1257 578 1317 640 690

225 673 326 738 Hune
340 672 450 736 timuit
464 673 640 757 blandaque
652 692 751 738 manu
764 674 885 739 seduxit
894 677 931 748 ,et
943 674 992 738 illi

227 770 397 854 ‘Quisquis
410 791 453 847 ee,
470 771 606 855 hospee,'
622 772 668 836 eit
683 772 823 838 ‘siseris
836 775 978 836 mmenta
989 772 1130 855 requiret

224 869 304 933 haee
317 868 442 952 aliquis,
458 869 571 934 vidisse
584 891 679 953 nega3
699 890 763 935 neu
774 871 874 952 gratia
885 871 970 934 teoto

225 967 316 1030 nulla
330 968 532 1049 rependatur,
548 968 685 1038 nitidam
697 989 772 1052 eape
785 968 920 1054 praemia
933 967 1086 1044 vaoeam,'

226 1067 259 1128 et
272 1063 371 1128 dedit.
415 1065 557 1152 Aoqepta
569 1085 658 1130 voees
670 1065 729 1130 has
742 1067 877 1130 reddidit
888 1066 1014 1149 hospeer
1258 1068 1318 1127 695

228 1161 355 1225 ‘Tutus
368 1182 428 1226 eas.
474 1163 570 1245 Lapis
583 1163 643 1228 iste
656 1164 746 1247 prius
757 1168 812 1228 tua
823 1166 910 1228 turta
923 1162 1093 1246 loquetur‚'

225 1263 259 1322 et
271 1259 411 1342 lapidem
424 1261 576 1344 ostendit.
620 1261 758 1326 Simulat
769 1262 840 1326 Iove
853 1266 945 1326 natus
957 1260 1055 1336 abire,

226 1377 301 1421 mox
315 1357 399 1422 redit
411 1362 446 1422 et
458 1378 549 1423 versa
560 1359 680 1442 pariter
692 1379 766 1424 oum
778 1380 850 1424 roae
863 1360 962 1442 ligura

228 1455 388 1532 ‘Rustioq
404 1455 513 1520 uidisti
527 1457 631 1539 siquae
643 1457 705 1521 hoe
718 1457 835 1522 limite’
849 1457 929 1522 dixit

227 1552 294 1618 ‘ire
307 1553 412 1632 boves,
427 1557 478 1619 ter
491 1575 595 1638 opem,
611 1557 761 1639 furtoque
774 1555 896 1620 silentia
908 1556 1014 1634 deme;
1260 1557 1319 1622 'loo

226 1650 338 1716 iuneta
349 1672 407 1716 suo
420 1653 541 1736 pariter
554 1653 682 1717 debitur
695 1653 755 1716 tibi
768 1653 887 1718 femina
897 1654 1013 1716 tsuro.'

226 1748 275 1812 At
287 1749 401 1826 senior,
417 1753 585 1833 postquem
599 1754 647 1816 est
659 1771 776 1816 meroes
786 1751 954 1834 geminata,
972 1750 1059 1815 ‘Sub
1072 1750 1137 1814 illie

226 1847 410 1928 montibus'
424 1848 533 1931 inquit
548 1850 663 1914 ‘erunt
674 1849 701 1929 ’3
722 1853 755 1914 et
766 1853 854 1913 mant
866 1849 924 1913 sub
936 1847 1105 1912 montibus
1111 1847 1185 1912 illis.

227 1944 312 2009 Risit
325 1945 527 2011 Atlantiades
540 1949 573 2012 et
588 1946 661 2010 ‘lle
674 1945 766 2023 mihi,
780 1947 905 2029 perlida,
920 1945 1051 2028 prodis?

227 2062 279 2107 me
293 2043 374 2107 mihi
386 2044 540 2126 prodiel’
561 2044 608 2108 ait
620 2043 806 2128 periuraque
818 2047 944 2127 peetora
955 2043 1053 2106 vertit
1259 2043 1318 2106 705

226 2139 262 2204 in
277 2140 395 2204 durum
408 2139 540 2218 silieem,
556 2140 611 2224 qui
623 2160 712 2205 nune
725 2160 843 2224 quoque
856 2139 971 2210 dieitur
985 2139 1091 2204 index.

399 2465 430 2528 6.
473 2464 569 2527 THE
591 2463 649 2527 DI
652 2463 822 2528 VINITY
845 2464 905 2527 OF
926 2463 1154 2527 Bsoorws.
1213 2372 1262 2554 .-

615 2657 693 2704 nur.
711 2657 768 2704 111.
782 2646 927 2706 ost-691.

285 2826 293 2864 ³
309 2817 370 2901 Illo
383 2822 473 2882 metu
485 2838 604 2883 vaenue
618 2819 765 2884 ‘Nomen
777 2819 874 2882 mihi’
887 2818 969 2881 dixit
985 2818 1148 2893 ‘Acoetes

228 2915 335 3000 patria
347 2915 494 2980 Maeonia
506 2918 565 2993 est,
581 2915 698 2979 humili
712 2917 751 2980 de
762 2917 849 2999 plebe
861 2917 1032 2999 parentes.

228 3013 306 3077 Non
319 3012 400 3076 mihi
414 3033 494 3097 quse
507 3011 581 3077 duri
595 3013 735 3077 eolerent
746 3019 834 3096 peter
845 3033 918 3077 arra
930 3012 1067 3088 iuvenei,

227 3110 424 3193 lanigerosve
437 3130 558 3193 greges,
573 3130 640 3174 non
652 3111 720 3175 ulla
732 3108 870 3174 armenta
881 3109 1021 3194 reliquit:
1260 3113 1319 3173 585

228 3227 352 3291 pauper
363 3211 397 3272 et
409 3208 477 3291 ipse
490 3208 566 3284 luit,
581 3207 712 3292 linoque
726 3209 839 3272 solebat
851 3212 883 3271 et
895 3208 996 3272 hamis

228 3304 373 3386 decipere
385 3308 420 3368 et
432 3304 555 3394 oalamq
567 3304 713 3368 salientes
726 3305 836 3369 duoere
848 3304 954 3387 pisam.

228 3400 292 3464 Ars
304 3401 355 3464 illi
367 3423 424 3466 sua
438 3422 550 3466 oeneus
562 3405 641 3466 erat.
684 3402 764 3466 (lum
780 3403 913 3466 maderet
925 3405 1035 3476 artem,

231 3493 254 3530 “
264 3498 384 3583 Aeoipe
398 3520 476 3582 ques
488 3500 599 3577 habeo,
616 3499 715 3564 studii
728 3520 880 3586 suooemor
893 3503 925 3563 et
940 3499 1068 3575 heree,’'

228 3596 313 3660 dixit
327 3597 351 3629 “
361 3599 473 3681 opes.’'
517 3597 867 3682 Moriensquemihinil
880 3596 933 3660 ille
946 3597 1076 3679 reliquit
1260 3598 1320 3659 590

228 3697 354 3780 praeter
366 3715 478 3779 equae:
499 3716 602 3760 unum
614 3696 676 3760 hoe
689 3717 813 3780 possum
826 3694 982 3778 appellare
993 3698 1174 3790 paternum.

312 3792 409 3857 ‘Mox
422 3814 491 3877 ego,
508 3814 549 3858 ne
561 3793 699 3877 seopulis
711 3794 866 3858 haererem
880 3813 1000 3877 semper
1012 3785 1173 3880 illiadem,

229 3891 370 3957 addidici
382 3893 525 3975 regimen
539 3894 650 3972 dextra
665 3893 844 3958 moderante
857 3892 978 3956 carinae

229 3986 356 4053 lleotere
365 3993 399 4054 et
413 3988 543 4055 Oleniae
558 3989 645 4055 sidus
657 3990 794 4076 pluviale
806 3988 939 4072 eapellae
