3322 4462
655 221 837 285 suppanos
859 221 936 282 nun
958 221 1092 268 canore.

330 366 576 447 Vestibnsbuno
588 368 705 449 talant,
723 393 801 457 quas
815 392 881 436 non
895 372 958 436 nisi
972 376 1115 456 tempora
1128 374 1209 438 testo

329 475 463 535 sternere
475 475 677 535 consuerant:
699 472 755 535 sed
768 471 892 536 ethaeo
907 471 1041 555 vilisque
1055 475 1207 554 votasque

328 569 420 634 vestis
431 572 508 645 orat,
523 569 605 632 lecto
620 588 685 632 nou
698 568 897 651 indignanda
912 568 1044 650 saligno.

406 667 586 731 Accubuere
600 667 662 730 dai.
705 668 851 731 Mensam
866 667 1029 730 succincta
1042 670 1240 748 tremensque

327 765 516 853 Ἀρί-ιω,
522 767 726 829 measaesed
740 770 807 843 erat
820 786 877 849 pes
897 765 1012 828 tertius
1025 766 1139 848 impar.

328 863 421 944 Teste
431 881 538 945 parem
551 862 638 926 fecit.
683 861 770 938 Qaao
784 867 952 945 postquam
969 862 1096 926 subdita
1108 862 1226 926 o'iivnm

328 960 463 1036 sustulit,
479 963 643 1042 aequatam
656 964 782 1026 mentm
797 963 914 1024 tersere
932 959 1076 1024 virentes.

328 1057 459 1121 Ponitur
472 1057 525 1120 hio
538 1057 656 1120 bicolor
669 1056 809 1123 sincerae
823 1057 900 1120 baca
916 1057 1077 1120 Minervae

327 1156 509 1238 conditaque
522 1155 557 1218 iu
570 1140 723 1324 liquidae
743 1162 802 1218 rna
819 1155 1020 1219 autumnalia
1033 1155 1120 1218 faece

326 1253 483 1337 intibaque
495 1257 529 1318 ot
542 1253 631 1320 radix
645 1257 677 1317 ct
721 1175 782 1321 itis
795 1273 898 1316 mama
910 1252 1011 1318 coacti

327 1372 442 1434 ovaque
454 1373 518 1416 non
532 1352 596 1416 aeri
610 1351 722 1416 leviter
734 1360 859 1416 versata
872 1352 995 1428 fauilla,

327 1450 431 1514 omnia
441 1450 600 1514 fictilibus.
644 1451 720 1514 Post
733 1449 812 1514 haeo
826 1450 966 1514 caelatus
979 1451 1091 1514 eodem

327 1547 446 1612 sistitur
456 1552 587 1630 argento
600 1552 702 1612 crater
715 1547 935 1630 fabricataque
945 1549 1020 1630 fago

327 1646 446 1728 pocula,
461 1665 523 1727 qua
535 1665 611 1709 aava
624 1647 710 1721 sunt,
726 1645 918 1709 flaventibus
931 1645 1027 1709 inlita
1040 1647 1130 1711 ceris.

406 1743 502 1810 Parra
513 1763 602 1807 mora
615 1747 673 1820 est,
688 1743 861 1826 epulaeque
874 1743 940 1826 foci
954 1744 1067 1808 misere
1081 1745 1232 1823 calentee3

328 1861 385 1906 noo
397 1841 504 1923 longae
517 1861 626 1936 rursus
639 1839 913 1932 referantarpina
926 1845 1085 1928 senectae.
1110 1901 1113 1912 ,

327 1940 462 2022 deumne
474 1938 579 2002 locum
593 1938 709 2002 mensis
722 1917 1003 2021 paulumb'eriuota
1013 1941 1171 2003 secundis.

329 2037 391 2101 Hio
403 2057 477 2113 nux,
492 2037 545 2106 bio
558 2036 660 2100 mixta
672 2040 720 2100 est
733 2036 857 2119 rugosis
870 2037 974 2101 carica
986 2037 1102 2120 palmis

328 2155 486 2218 prunaque
498 2139 531 2199 et
544 2135 579 2197 in
592 2134 711 2217 patulis
726 2134 904 2199 redolentia
919 2135 1002 2199 mala
1015 2135 1162 2199 canistris

329 2233 411 2297 etde
424 2223 589 2316 pu'rpureis
600 2233 760 2296 conlectae
771 2229 893 2296 'vitibus
906 2253 996 2298 uvae.

331 2331 487 2394 Candidus
499 2331 534 2392 in
547 2331 651 2393 medio
664 2330 758 2393 favus
771 2334 829 2394 est.
875 2329 978 2413 Super
992 2331 1099 2394 omnia
1112 2332 1222 2418 multus

329 2448 475 2491 coemere
488 2428 563 2491 boni
577 2447 634 2491 neo
648 2428 733 2490 iners
746 2448 932 2509 pauperque
946 2428 1020 2490 vola

407 2524 529 2588 Interea
545 2524 658 2596 totiens
670 2525 823 2588 haustum
837 2528 960 2589 cratera
973 2508 1212 2607 replefi''”'''·

329 2625 438 2704 sponte
450 2641 506 2684 sua
518 2641 575 2703 per
587 2641 681 2703 seque
693 2621 807 2686 vident
823 2641 1017 2694 succrescere
1031 2623 1120 2686 vine:

329 2710 1101 2805 amanteuaunamam'banaaaaoiub

330 2816 509 2899 mnoipiunt
523 2815 698 2898 Baucisque
713 2836 822 2899 proces
836 2816 1032 2899 timidusque
1044 2817 1211 2881 Philemon

329 2918 361 2985 ot
371 2913 492 2976 veniam
506 2912 640 2995 dapibus
653 2913 813 2995 nullisque
827 2914 990 2996 paratibus
1003 2916 1107 2976 orant.
1218 2939 1222 2965 ι

408 3010 525 3075 Unicus
539 3024 629 3073 anser
643 3018 721 3085 erat,
740 3010 891 3074 minimae
905 2999 1050 3074 ousto'iua
1066 3012 1172 3074 villae:

329 3128 419 3192 quem
431 3106 480 3169 dis
492 3106 669 3188 hospitibus
683 3107 806 3169 domiai
820 3113 958 3170 innotare
971 3109 1138 3189 parabant.

329 3203 387 3267 Iiie
399 3204 478 3268 ealer
491 3223 596 3285 penna
610 3204 715 3266 tardos
729 3205 831 3266 aetate
845 3202 962 3285 fatigat

329 3300 486 3382 eluditque
499 3301 566 3377 diu,
582 3301 775 3381 tandemque
789 3303 837 3362 est
853 3299 936 3362 visus
948 3303 989 3363 ad
1003 3301 1089 3384 ipsos

329 3397 502 3480 confugisse
515 3397 599 3461 deos.
642 3396 755 3480 Superi
769 3399 898 3460 uetuere
911 3399 1017 3461 necari

332 3495 412 3560 ‘Di’
426 3516 486 3579 qao
502 3496 643 3572 ‘samus
658 3495 849 3576 meritasque
865 3494 933 3558 luet
946 3496 1064 3560 vicinia
1076 3516 1193 3580 poenas

329 3593 443 3677 impia'
456 3594 620 3671 dixerunt3
644 3593 753 3657 ‘vobis
767 3592 956 3656 inmunibus
969 3592 1067 3658 huius

329 3712 393 3756 esso
404 3691 479 3756 mali
492 3693 629 3756 dabitur.
673 3692 770 3756 Modo
783 3696 887 3757 vestra
901 3692 1073 3775 relinquite
1087 3697 1172 3758 tecta

329 3811 365 3856 aa
377 3795 496 3856 nostros
509 3791 656 3859 comitate
671 3791 789 3882 gratim
803 3794 837 3854 et
850 3791 886 3854 in
901 3792 1001 3856 ardua
1015 3792 1134 3855 montis

329 3889 373 3954 ita
385 3889 502 3953 simal.'
544 3890 661 3954 Parent
674 3889 768 3954 ambo
782 3889 964 3972 baculisque
977 3889 1074 3954 levati

330 3988 475 4054 nituntur
488 3987 583 4072 longo
596 3987 730 4072 vestigia
743 4007 860 4072 ponere
874 3987 964 4055 olivo.
