3322 4462
668 241 841 290 Putamus
860 241 900 288 '1⁸0
922 240 1076 289 ULYSSMS»

327 393 394 460 Nos
408 394 520 479 Pylon,
536 393 661 478 antiqui
674 393 785 458 Neleia
796 391 937 458 Nestoris
949 411 1034 470 arva,

366 493 526 561 misimus:
546 492 668 557 incerta
680 491 825 556 ostiarus
837 491 964 556 remissa
977 491 1065 574 Pylo.

328 591 474 655 Misimus
487 598 520 656 et
534 590 685 674 Sparten:
707 590 816 673 Sparte
830 609 952 674 quoque
965 589 1069 654 nescia
1082 589 1158 654 veri.

368 689 453 766 Quas
465 688 589 754 habitas
602 692 711 766 terras,
726 692 782 752 aut
794 688 849 752 ubi
861 688 966 765 lentus
979 689 1076 764 abes?

327 787 450 852 Utilius
463 791 585 851 starent
597 786 694 851 etiam
707 806 793 850 nuno
806 785 930 850 moenia
943 785 1063 850 Phoebi
1074 822 1117 835 -

367 885 483 950 irascor
496 885 578 950 uotis
590 885 654 949 heu
667 885 743 948 leuis
755 884 823 968 ipsa
834 883 925 948 moisi
939 919 981 932 -

328 984 441 1048 scirem
453 983 510 1046 ubi
523 1001 692 1066 pugnares,
707 984 740 1047 et
751 984 877 1045 tantum
890 981 973 1044 bella
986 981 1142 1058 timerem,

368 1084 401 1145 et
413 1100 485 1145 mea
497 1101 571 1144 cum
584 1079 696 1144 multis
708 1078 816 1143 iuncta
829 1080 954 1163 querela
966 1079 1059 1143 ioret.

330 1178 414 1256 Quid
427 1179 568 1255 timeam,
585 1177 711 1260 ignoro3
732 1177 828 1241 timeo
840 1181 948 1241 tanim
960 1176 1068 1241 omnia
1080 1177 1221 1252 demens,

368 1281 401 1341 et
412 1280 504 1361 patet
516 1276 550 1340 in
564 1297 655 1340 cures
668 1296 738 1340 arsa
749 1275 813 1340 lata
825 1295 918 1340 mous.

330 1375 550 1458 Quaecumque
563 1393 680 1457 aequor
691 1373 796 1451 habet,
813 1391 1025 1457 quaecumque
1039 1372 1180 1456 pericula
1193 1372 1299 1448 tellus,

357 1476 435 1537 lam
448 1473 560 1556 longae
573 1491 680 1535 causas
693 1472 830 1554 suspicor
842 1489 907 1535 esse
920 1490 1034 1534 morae.

329 1571 417 1634 Haec
430 1591 487 1652 ego
501 1571 580 1634 dum
594 1571 692 1632 stulte
704 1573 821 1644 metuo,
837 1589 915 1652 quae
929 1573 1032 1633 vestra
1045 1568 1144 1631 libido
1157 1570 1215 1644 est,

369 1688 433 1741 esso
446 1669 611 1750 peregrino
625 1670 737 1749 captus
748 1687 851 1730 amore
864 1671 961 1749 potes.

329 1765 476 1829 Forsitan
489 1769 521 1829 et
534 1784 652 1840 narres,
669 1783 762 1846 quam
775 1763 818 1827 sit
830 1763 890 1828 tibi
902 1763 1020 1827 ursticu
1033 1763 1184 1838 coniunx,

370 1883 449 1945 qnae
462 1866 589 1926 tuntum
603 1862 691 1925 lanas
702 1881 768 1925 nou
780 1861 863 1931 sinat
875 1881 939 1925 esso
952 1861 1056 1924 rudes.

330 1961 446 2038 Pallor,
462 1963 495 2024 st
506 1960 568 2024 hoc
581 1960 702 2024 crimen
714 1962 826 2031 tenues
837 1962 982 2023 vanescat
995 1959 1029 2022 in
1044 1978 1147 2035 auras,

369 2077 459 2134 neve,
475 2057 652 2122 revertendi
667 2057 754 2133 liber,
770 2057 873 2121 abesse
886 2056 977 2120 relisi

333 2155 386 2219 Me
397 2159 489 2239 pater
501 2155 621 2219 Icarius
635 2155 731 2219 viduo
743 2154 899 2218 discedam
911 2155 993 2218 lecto

372 2253 503 2336 cogitet
517 2252 676 2316 inmensas
688 2252 829 2334 increpat
841 2271 940 2334 usque
953 2271 1066 2315 moras.

332 2349 480 2432 Increpet
493 2369 592 2431 usque
604 2350 694 2413 licet!
716 2352 770 2412 tua
782 2369 863 2424 sum,
879 2352 935 2412 tua
948 2348 1035 2412 dicar
1048 2350 1185 2430 oportet,

337 2485 344 2493 -
374 2447 530 2530 Penelope
543 2447 683 2510 coniunx
696 2466 816 2529 semper
828 2445 934 2510 Ulixis
946 2465 1009 2508 ero.

334 2544 393 2607 Ille
407 2547 514 2607 tamm
527 2544 645 2626 pietate
658 2564 728 2607 mea
739 2543 941 2626 precibusque
954 2541 1079 2624 pudicis

373 2640 534 2722 frangitur
547 2644 581 2703 et
593 2640 674 2703 uires
687 2643 840 2722 temperat
853 2639 920 2720 ipse
934 2659 1015 2702 suas.

334 2738 479 2803 Dulichii
493 2737 652 2820 Samiique
664 2740 698 2800 et
710 2757 786 2820 quos
798 2736 874 2798 tulit
888 2737 952 2798 alta
964 2733 1151 2816 Zacynthos,

373 2823 468 2899 turba
481 2839 582 2898 ruunt
593 2835 629 2897 in
643 2854 693 2897 me
705 2833 863 2896 luxuriosa
876 2833 963 2917 proci

333 2934 429 3017 inque
442 2936 499 2996 tua
512 2935 648 3014 regnant
660 2932 757 2994 nullis
768 2931 1007 3014 prohibentibus
1019 2929 1108 2993 aula:

374 3031 491 3094 uiscera
504 3033 622 3104 nostra,
638 3033 711 3092 tuae
724 3029 935 3092 dilacerantur
948 3047 1031 3110 opes

335 3127 419 3204 Quia
432 3116 493 3200 tibi
506 3127 696 3191 Pisandrum
709 3126 921 3208 Polybumque
934 3125 1148 3206 Medontaque
1161 3123 1269 3187 <lirum

374 3224 629 3307 Eurymachique
643 3223 747 3287 auidas
759 3222 954 3305 Antinoique
966 3242 1080 3285 manus

334 3325 429 3404 atque
442 3321 519 3385 ahos
532 3323 677 3394 referum,
694 3341 770 3403 quos
782 3321 883 3384 omnis
896 3320 1033 3401 turpiter
1045 3320 1157 3382 absens

374 3419 441 3501 ipse
454 3423 512 3482 tuo
524 3418 625 3501 partis
638 3418 789 3500 sanguine
801 3419 893 3481 rebus
906 3417 986 3479 alis?

335 3517 407 3580 Irus
420 3537 516 3600 egens
528 3508 710 3599 pecorisque
724 3516 915 3598 Melanthius
927 3517 1015 3578 actor
1027 3513 1142 3577 edendi

374 3615 509 3678 ultimus
522 3614 677 3678 secedunt
689 3613 724 3676 in
737 3617 792 3676 tua
804 3614 919 3676 <lamna
930 3612 1043 3694 pudor.

337 3712 414 3789 Tres
427 3732 537 3776 sumus
549 3711 681 3776 inbelles
693 3732 833 3789 numero,
849 3712 917 3775 sine
932 3709 1050 3774 viribus
1063 3729 1154 3784 uxor,

375 3810 565 3890 inertesque
579 3829 684 3885 senex,
700 3809 964 3891 Telemachusque
977 3827 1067 3890 puer.

335 3909 395 3974 Ille
408 3929 465 3993 per
478 3908 608 3973 insidias
620 3928 719 3991 paens
731 3913 778 3972 est
790 3908 869 3971 mihi
882 3926 984 3990 nuper
996 3906 1176 3989 ademptus,

376 4007 455 4072 dum
468 4010 559 4091 parat
572 4005 682 4072 inuitis
695 4006 839 4088 omnibus
851 4005 898 4078 ire
912 4004 1023 4088 Pylon.
1077 4014 1081 4032 ·

524 4104 542 4156 4

1366 4005 1425 4064 100
