3322 4462
226 215 267 299 38
414 223 443 270 P·
468 221 582 271 ovum
603 221 754 270 NASONIS
776 221 939 271 CARMIM
960 223 1116 276 SEIAEGTA·

224 377 259 442 N
259 396 321 440 uno
333 375 476 459 equidem
489 376 601 451 tutans,
617 374 762 456 fassoque
776 373 921 457 ignoscat
932 378 1086 444 Atrides:

224 475 383 539 diffieilem
397 474 484 538 tenui
498 474 556 537 sub
568 473 680 556 iniquo
693 473 798 538 indiae
812 494 955 540 eausam:
1251 485 1311 545 190

223 573 312 637 huno
326 577 429 638 lamen
443 574 562 638 utilitas
574 574 686 657 populi
700 574 861 657 fraterque
875 574 1006 659 datique

223 692 347 736 summa
358 676 461 737 movet
474 673 599 757 sceptri,
611 672 736 736 laudm]
753 676 791 737 ut
804 693 879 737 oum
892 675 1047 757 sanguine
1060 680 1178 758 penset.

305 771 434 835 ‘Mittor
446 775 478 835 et
491 772 532 834 ad
544 774 689 848 matrem,
705 791 786 854 quae
799 793 865 837 non
878 773 1046 851 hortanda,
1062 775 1117 838 sed
1129 778 1199 837 astu

223 868 407 951 desipiendo
417 869 492 932 fuit.
534 868 603 945 Quo
617 868 644 932 si
658 869 862 934 Telamonius
875 871 961 948 isset,

223 967 487 1031 orbasuisessent
499 966 595 1030 etiam
608 987 695 1031 nuno
708 967 809 1031 lintea
821 968 934 1032 uentis.
1249 965 1308 1033 195

224 1062 337 1126 Mittor
348 1067 381 1128 et
392 1064 503 1127 iliaeas
515 1065 619 1127 audax
631 1069 737 1128 orator
751 1065 791 1128 ad
805 1085 902 1141 areos,

222 1161 348 1244 visaque
360 1166 394 1226 et
405 1162 523 1225 intrata
535 1166 583 1225 est
595 1162 678 1225 ultae
693 1162 772 1225 mihi
786 1163 875 1227 ouria
889 1163 1016 1242 Troiam

222 1258 376 1342 pleneque
388 1259 491 1324 adimo
503 1267 571 1324 erat
584 1259 639 1343 illa
652 1260 739 1323 siris.
783 1260 954 1327 Interritus
966 1261 1029 1344 egl,

223 1377 318 1439 quam
330 1356 409 1422 mitri
421 1359 586 1423 mandarat
599 1377 801 1422 oommnnenr
816 1359 947 1424 Graeoia
959 1380 1096 1435 oausam,

223 1475 392 1539 accusoque
405 1456 500 1520 Parin
512 1457 724 1539 praedamque
738 1457 957 1539 Helenamque
970 1477 1097 1542 reposoo
1249 1463 1309 1524 200

222 1559 256 1617 et
270 1574 376 1617 moveo
389 1554 549 1617 Priamum
563 1553 751 1636 Priamoque
762 1554 928 1620 Antenora
941 1556 1099 1619 iunetnm.

224 1649 270 1714 At
284 1651 370 1714 Paris
382 1656 415 1716 et
425 1652 539 1715 iratres
552 1656 585 1715 et
598 1652 654 1734 qni
670 1672 801 1736 rapuere
815 1654 874 1717 sub
888 1653 953 1730 illo,

223 1749 277 1811 vix
290 1751 416 1813 tenuere
428 1769 540 1812 manus
558 1748 633 1831 (sois
646 1749 717 1826 hoo,
735 1750 893 1834 Menelai)
909 1751 1073 1828 notandas,

222 1846 385 1929 primaque
396 1847 453 1910 lux
467 1846 566 1911 nostri
581 1852 686 1910 tecum
700 1848 766 1911 fuit
778 1849 835 1912 illa
847 1849 968 1932 periali.

296 1945 315 1995 -‘
324 1945 430 2027 Ironge
443 1946 558 2011 reterre
571 1966 659 2010 mora
672 1950 731 2022 est,
744 1967 824 2030 quse
838 1947 1031 2031 oonsilioqne
1044 1967 1201 2031 manuque
1248 1951 1307 2012 205

223 2043 345 2107 utiliter
356 2043 417 2106 ieei
430 2043 558 2128 spatiosi
571 2046 714 2126 tempore
726 2044 812 2108 belli.

223 2141 300 2204 Post
312 2139 391 2204 aoies
402 2139 519 2224 primas
532 2142 619 2205 urbis
632 2162 664 2206 se
678 2143 844 2206 moenibus
857 2144 963 2207 hostes

222 2238 404 2302 continuere
417 2239 484 2311 din,
500 2259 558 2302 neo
571 2240 672 2322 aperti
686 2240 778 2322 eopia
791 2240 905 2304 Martis

222 2336 290 2399 ulla
301 2335 378 2399 init:
398 2336 519 2399 deoimo
531 2337 660 2400 demum
673 2338 888 2420 pugnavimus
900 2357 995 2402 anno.

224 2433 307 2509 Quid
319 2433 396 2496 laois
409 2433 538 2509 interea,
554 2434 610 2518 qni
623 2434 681 2509 nil,
697 2435 761 2498 nisi
774 2435 905 2518 proelia,
921 2435 1031 2498 nosti?
1247 2440 1308 2500 210

224 2530 301 2606 Quis
313 2535 387 2594 tuns
398 2551 473 2594 usus
485 2534 577 2594 erat?
615 2531 701 2595 Nam
715 2533 741 2595 si
755 2553 826 2596 meu
839 2533 925 2596 faeta
937 2532 1082 2615 requiris,

222 2627 365 2691 hostibus
376 2628 520 2706 insidior3
541 2629 638 2691 fossas
652 2629 831 2693 munimine
846 2631 954 2710 oing03

223 2726 364 2788 oonsolor
376 2725 482 2801 sooios,
498 2729 536 2789 ut
549 2725 637 2808 longi
651 2726 757 2790 taedia
770 2726 844 2789 belli

223 2827 330 2887 menta
341 2824 445 2886 ferant
457 2823 594 2905 plaoide3
616 2823 723 2899 doeeo,
740 2844 802 2906 quo
816 2823 915 2886 simus
928 2823 1033 2887 alendi

222 2920 425 3003 armandique
438 2921 545 2997 modo;
567 2919 688 2996 mittor,
705 2941 768 3003 quo
781 2921 924 3003 postulat
937 2940 1022 2983 usus.
1248 2925 1307 2986 215

306 3017 404 3081 ‘ane
417 3016 501 3081 Iovis
513 3019 649 3093 monitu,
665 3019 816 3100 deeeptus
829 3018 968 3098 imagine
982 3017 1096 3092 somni,

222 3135 279 3178 rex
292 3115 378 3178 iubet
389 3115 506 3197 inoepti
520 3135 627 3178 euram
638 3115 801 3179 dimittere
814 3116 900 3178 belli.

224 3212 283 3276 Ille
296 3216 398 3294 potest
410 3217 535 3276 enotore
549 3232 638 3276 suam
651 3213 822 3277 defendere
835 3232 958 3276 vooem:
1077 3297 1079 3304 Ι

223 3329 289 3372 non
302 3309 384 3372 sinat
398 3310 454 3372 hoo
468 3311 550 3372 Aiax
563 3310 757 3392 delendaque
772 3311 925 3392 Pergama
937 3312 1056 3392 poseat,

224 3409 368 3490 quodque
380 3409 492 3490 potest,
508 3410 639 3490 pugnet.
685 3407 752 3472 Gur
764 3427 831 3470 non
844 3410 1020 3471 remoretur
1033 3406 1157 3471 ituros?
1249 3411 1309 3472 220

225 3506 291 3569 Gur
304 3525 367 3568 non
379 3525 465 3570 arma
477 3505 574 3587 eapit,
590 3507 656 3582 dat,
673 3507 758 3589 quod
773 3525 851 3585 vaga
863 3506 958 3569 turba
971 3508 1142 3587 sequatur?

223 3602 299 3666 Non
312 3608 378 3666 erat
389 3603 449 3667 hoo
462 3602 598 3680 nimium
611 3622 787 3686 numquam
801 3603 863 3672 nisi
877 3624 993 3686 magna
1006 3605 1159 3688 loquenti.

224 3700 308 3777 Quid
322 3701 403 3783 quod
416 3704 449 3764 et
460 3700 526 3784 ipse
539 3700 650 3784 fugit?
691 3702 777 3781 Vidi,
792 3702 970 3785 puduitque
984 3701 1100 3777 videre,

223 3818 297 3862 oum
313 3803 347 3863 tn
359 3802 445 3881 terga
459 3799 548 3863 dares
561 3799 789 3884 inhonestaque
802 3801 873 3865 vela
885 3819 1019 3884 parares.

224 3898 293 3961 Neo
306 3917 401 3974 mora,
418 3896 531 3974 “Quid
549 3897 679 3968 ‚tsoitisi
699 3919 779 3981 quae
792 3919 847 3963 sos
860 3898 1021 3963 dementia
1031 3900 1053 3931 '’
1069 3898 1135 3962 dixi
1250 3900 1310 3962 225

226 3995 404 4073 “eoncitat
422 3995 540 4071 osoeii,
556 3999 680 4080 esptnrn
695 3985 857 4062 dimittere
872 3997 1024 4061 Troiam?
