3322 4462
222 241 267 306 40
413 237 442 285 P.
466 235 579 284 ovum
599 234 752 284 NASONIS
774 233 939 284 OABHIM
960 234 1116 284 SEIOEOEA·

224 391 351 474 pectore
364 387 502 472 semper’
516 385 562 451 eit
577 384 708 450 ‘vestris
722 386 860 451 exercite
873 385 977 452 rebus.

224 487 271 551 At
282 486 331 551 nil
344 485 498 570 impendit
509 504 565 569 per
580 487 629 548 tot
639 483 846 554 Telamonius
856 505 958 550 eunus

225 583 386 668 sanguinis
398 583 433 646 in
446 582 542 648 socios
554 586 587 647 et
599 582 696 650 liubet
710 583 778 646 sine
792 583 923 648 vulnere
937 603 1061 668 corpus.

306 681 408 760 ‘Quid
424 686 528 746 umen
539 681 600 745 hoc
613 681 724 758 refert,
740 680 767 745 si
781 701 814 746 se
827 701 886 764 pro
900 682 997 746 classe
1011 683 1139 765 Pelasgi

225 801 312 846 arms
323 778 431 845 ulier
443 780 540 843 refert
552 782 664 843 contm
677 780 837 862 Troesque
851 779 1047 863 Iovemque?

226 879 452 962 Oonfiteorque,
469 877 559 940 tulit:
580 877 783 960 nequeenim
799 878 965 944 benefecta
978 877 1116 961 maligno

225 976 397 1040 deumne
409 994 515 1039 meum
528 977 583 1039 est.
629 973 692 1038 Sed
706 987 748 1039 ne
762 975 945 1040 communie
958 976 1043 1040 solus

226 1075 367 1156 occupet,
382 1075 475 1156 utque
488 1071 626 1154 uliquem
639 1071 728 1137 vobis
741 1092 869 1156 quoqne
882 1074 996 1137 reddet
1008 1073 1173 1138 honorem:

226 1171 365 1254 reppulit
376 1169 539 1248 Actorides
552 1170 610 1233 sub
624 1168 764 1252 imagine
778 1173 870 1234 tutus
883 1170 1021 1240 Achillis

227 1268 324 1333 Trous
335 1269 375 1333 nb
386 1267 501 1334 nmuris
514 1286 588 1332 oum
600 1267 767 1332 defensore
781 1267 907 1334 cerinis.

227 1367 350 1430 Ausum
361 1365 455 1431 etium
469 1364 632 1432 Hectoreis
644 1364 748 1429 solum
762 1384 950 1430 concurrere
963 1365 1035 1430 telis

227 1485 260 1530 se
271 1468 374 1548 putot,
389 1463 504 1529 oblitus
517 1463 662 1546 regisque
674 1463 858 1546 ducumque
872 1464 1008 1547 meique,

228 1582 329 1628 nonus
341 1562 376 1626 iu
388 1562 488 1626 officio
501 1565 534 1625 et
545 1561 706 1644 praelatus
718 1581 851 1625 munere
865 1562 968 1626 sortis.

228 1660 289 1726 Sed
302 1663 407 1724 temni
419 1663 548 1723 euentus
564 1661 696 1734 restrae,
712 1658 896 1735 fortissime,
912 1678 1040 1741 pugnae

228 1756 299 1840 quis
310 1757 398 1820 fuiti
409 1792 450 1804 -
462 1755 582 1832 Hector
593 1755 661 1819 abit
675 1753 812 1820 violatus
825 1757 957 1820 vulnere
970 1757 1076 1820 nullol

308 1854 380 1918 ‘Me
391 1854 549 1929 miserum,
566 1857 687 1936 quanto
700 1858 796 1936 cogor
808 1853 991 1918 meminisse
1004 1854 1110 1919 dolore

228 1953 377 2036 temporis
388 1951 484 2027 illius,
499 1971 562 2033 quo
576 1951 709 2015 Graium
724 1971 847 2027 murus,
863 1951 1007 2015 Achilles

228 2049 408 2133 procubuit!
448 2049 516 2112 Nec
527 2068 579 2112 me
591 2048 741 2113 lacrimae
754 2049 925 2132 luctusque
938 2049 1096 2130 timorque

228 2147 402 2222 turderunt,
418 2146 495 2230 quin
509 2155 623 2229 corpus
635 2146 736 2211 humo
749 2147 885 2211 sublime
899 2148 1060 2211 referrem.

229 2245 290 2310 His
302 2245 426 2321 umeris,
441 2245 502 2320 his,
517 2245 659 2326 iuquam,
676 2244 794 2308 umeris
807 2264 867 2326 ego
881 2264 996 2327 corpus
1010 2243 1143 2310 Achillis

229 2347 263 2407 et
273 2343 367 2407 simul
379 2362 465 2407 nrmu
478 2341 553 2404 tuli:
574 2362 655 2424 quse
670 2362 757 2405 nunc
772 2361 897 2424 quoque
910 2342 995 2405 terre
1007 2342 1123 2406 laboro.

229 2440 313 2505 Sunt
323 2441 412 2515 milri,
427 2459 506 2522 quse
518 2439 645 2503 saltent
657 2439 693 2501 in
706 2439 784 2502 tuliu
796 2439 949 2522 pondere,
964 2438 1069 2516 vires3

229 2540 276 2601 est
287 2537 409 2601 enimus
421 2541 503 2600 certe
517 2538 634 2612 vestros
647 2555 797 2618 sensurus
811 2536 956 2600 honores.

230 2632 356 2698 Scilicet
368 2633 481 2697 idcirco
493 2653 551 2716 pro
564 2636 640 2697 nuto
654 2634 779 2696 caerula
794 2623 896 2696 meter

229 2731 391 2795 ambitiose
402 2751 458 2795 suo
471 2730 545 2806 fuit,
561 2734 599 2793 ut
613 2730 759 2793 caelestis
773 2731 868 2807 douu,

229 2828 305 2892 ertis
317 2849 394 2911 opus
407 2831 522 2903 unus,
538 2827 628 2890 rudis
641 2830 675 2890 et
687 2826 756 2890 siue
770 2830 897 2908 pectore
911 2827 1003 2892 miles

229 2926 396 2991 indueret?
434 2925 544 3006 Neque
557 2925 643 2987 enim
657 2923 752 3012 clipei
766 2926 942 2989 caelamine
953 2925 1055 3002 novit,

230 3023 388 3089 oceanum
401 3025 434 3086 et
446 3027 544 3086 terres
557 3042 692 3105 cumque
706 3022 772 3086 ulto
786 3022 889 3085 sidere
902 3024 989 3086 coelo

230 3120 430 3203 Pleiadasque
443 3120 632 3202 Hyadesque
645 3119 876 3201 inmunemque
890 3119 1036 3202 aequoris
1049 3119 1167 3183 Arcton

229 3218 423 3300 diversasque
434 3217 527 3280 nrbes
539 3216 743 3297 nitidumque
758 3215 886 3280 Orionis
899 3235 1018 3280 ensem.

309 3314 411 3391 ‘Quid
424 3314 508 3397 quod
521 3333 572 3376 me
585 3313 659 3377 duri
674 3313 853 3395 fugientem
867 3333 1001 3377 munere
1013 3312 1089 3376 belli
1130 3394 1134 3400 ἰ

229 3412 334 3495 arguit
346 3412 468 3494 incepto
482 3430 586 3475 serum
599 3405 762 3475 secessisse
775 3411 888 3487 labori,

232 3530 287 3574 nec
299 3531 332 3576 se
344 3508 542 3592 magnanimo
556 3509 745 3586 maledicere
760 3508 859 3572 sentit
872 3507 1018 3572 Achilli?

230 3609 263 3673 Si
277 3608 433 3672 simulasse
451 3627 537 3671 rocus
550 3607 687 3670 crimen:
709 3602 930 3670 simulavimus
943 3606 1045 3670 umbo.

230 3705 263 3770 Si
277 3726 364 3770 more
375 3726 430 3788 pro
444 3705 493 3769 cul
499 3726 537 3788 po
549 3709 610 3767 est:
632 3725 691 3790 ego
705 3725 777 3767 sum
792 3703 947 3768 maturior
960 3703 1027 3767 illo.

230 3804 282 3868 Me
293 3804 347 3887 pis
360 3803 496 3868 detinuit
509 3802 659 3876 coniunx,
676 3802 731 3885 pis
743 3807 846 3866 meter
860 3802 1030 3876 Achillem,

228 3900 390 3986 primaque
403 3905 477 3965 sunt
490 3901 552 3965 illis
566 3901 641 3964 dete
654 3905 809 3983 tempore,
826 3903 930 3964 cetere
945 3898 1042 3964 vobis.

230 3999 325 4063 Heud
339 4000 442 4076 timeo,
458 3998 484 4063 si
497 3999 560 4062 iem
573 4017 696 4080 nequeo
711 3998 892 4075 defendere,
909 3997 1031 4062 crimen
1108 4051 1110 4056 ,
