3322 4462
221 233 266 322 76
417 250 448 295 P·
471 249 584 297 ovum
604 248 755 297 morus
775 247 938 296 GABMIM
961 248 1119 297 SELEOTA·

220 398 285 464 Hic
298 420 357 483 ego
370 399 515 463 finitimis
527 398 671 482 quamvis
683 399 895 464 circumsoner
907 401 1014 478 arrum,

260 497 374 576 tristia,
393 518 455 581 quc
467 517 605 581 possum,
621 496 760 561 carmine
772 497 841 561 lata
853 499 933 564 levo.

220 596 313 674 Quod
328 595 471 679 quamuis
483 616 574 660 nemo
587 598 645 671 est,
661 595 752 659 cuius
765 596 922 660 referatur
934 598 976 661 ud
989 615 1090 673 aures,

260 694 305 758 sic
318 697 426 758 tamen
440 695 568 758 absumo
580 693 764 776 decipioque
778 693 874 758 diem.

220 792 308 874 Ergo
322 794 407 875 quod
421 791 502 868 vivo,
518 791 665 874 durisque
678 791 836 855 laboribus
850 793 950 868 obsto,

260 909 321 953 nec
334 909 386 953 me
399 889 549 966 sollicitae
561 889 665 952 taedia
676 888 757 952 lucis
770 888 900 966 habent,

220 986 335 1068 gratia,
352 987 455 1063 Musas
470 985 544 1049 tibi:
564 1007 639 1050 uam
652 989 690 1049 tu
703 985 818 1049 solacia
830 987 970 1068 praebes,

261 1087 299 1147 tu
312 1104 406 1148 curse
419 1083 550 1167 requies,
566 1092 603 1146 tu
617 1082 774 1147 medicine
788 1083 885 1146 venis.

221 1181 272 1244 Tu
287 1182 354 1244 dux
367 1185 401 1244 et
413 1200 515 1246 comes
527 1201 570 1258 es,
582 1183 619 1244 tu
633 1201 691 1244 nos
703 1180 835 1244 abducis
847 1180 887 1262 eb
900 1180 1023 1256 Hieme,

261 1278 296 1342 in
309 1279 476 1362 medioque
488 1278 568 1342 mihi
580 1265 637 1342 des
650 1278 803 1342 Helicone
816 1279 938 1356 locum3

221 1379 259 1440 tu
272 1377 362 1455 mihi,
381 1377 465 1461 quod
479 1397 583 1442 rarum
597 1380 655 1454 est,
671 1376 743 1441 vivo
756 1376 891 1440 sublime
905 1376 1020 1440 dedisti

263 1495 389 1552 nomen,
404 1476 444 1539 ab
457 1475 609 1559 exsequiis
623 1474 708 1559 quod
721 1475 796 1538 dure
809 1475 896 1538 famu
909 1475 999 1540 solet.

221 1573 301 1650 Nec,
317 1574 373 1657 qui
386 1574 540 1638 detrectet
551 1572 739 1656 praesentia,
754 1572 846 1649 livor,
862 1573 975 1656 iniquo
1076 1606 1082 1622 ·

262 1670 366 1733 ullum
380 1671 419 1734 de
433 1670 546 1734 nostris
559 1671 654 1734 deute
667 1670 839 1734 momordit
853 1689 942 1751 opus.

222 1768 308 1831 Nam
321 1767 456 1830 tulerint
468 1786 597 1849 magnos
609 1786 683 1830 cum
696 1767 820 1830 saecula
833 1770 942 1830 nestra
954 1770 1072 1848 poetas,

263 1885 328 1928 non
341 1865 408 1928 ruit
420 1863 547 1948 ingenio
559 1865 647 1928 lama
659 1863 800 1946 maligna
812 1883 894 1940 meo,

223 1983 359 2046 cumque
372 1982 431 2046 ego
443 1982 632 2046 praeponam
645 1962 763 2025 multos
777 1961 869 2038 mihi,
884 1981 951 2025 nen
965 1961 1070 2026 minor
1082 1960 1146 2024 iliis

263 2060 352 2124 dicor
365 2063 398 2123 et
411 2059 447 2130 in
460 2063 527 2124 tcto
539 2059 696 2143 plurimus
709 2059 782 2124 orbe
796 2061 893 2142 legor.
973 2138 976 2150 Ι

224 2157 337 2241 Siquid
350 2157 470 2222 habent
482 2157 581 2240 igitur
593 2160 703 2222 vatum
716 2157 878 2240 praesagia
890 2156 968 2233 veri,

262 2255 411 2338 protinus
423 2258 462 2318 ut
474 2255 599 2332 moriar,
614 2275 681 2320 nou
695 2275 760 2332 ero,
776 2258 871 2332 terra,
887 2261 972 2318 tuus.
1258 2259 1317 2319 130

224 2352 296 2418 Sive
309 2354 417 2418 lavore
430 2353 502 2429 tuli,
518 2353 581 2417 sire
593 2352 677 2418 hanc
690 2373 748 2435 ego
761 2352 903 2418 carmine
915 2353 1035 2416 tamam

263 2449 348 2514 iure:
368 2450 429 2515 tibi
441 2453 554 2534 grates,
569 2451 703 2514 candide
718 2451 829 2528 lector,
844 2469 913 2532 ago.

289 2711 338 2775 16.
362 2703 615 2772 PnoVnnBs
638 2703 739 2768 AND
767 2699 927 2768 SHORT
950 2697 1250 2765 economus.

756 2868 784 2928 1.

227 2983 374 3050 Nitimur
386 2982 421 3046 in
434 2981 568 3047 vetitum
582 2999 714 3062 semper,
731 2978 941 3060 cupimusque
955 2979 1152 3135 nQ
1179 3075 1200 3134 4
1227 3075 1266 3136 1¹7

1053 3089 1090 3135 n.
1153 3118 1161 3135 .
1199 3117 1209 3148 ‚
1267 3116 1276 3134 .

749 3177 787 3286 ⁵2.
841 3253 855 3272 ἡ

228 3309 398 3443 Ingenium
414 3359 573 3442 quondam
585 3357 691 3420 lueret
704 3353 874 3438 pretiosius
887 3373 976 3428 auro,

267 3462 302 3524 at
315 3477 403 3522 nunc
416 3455 558 3522 barbaria
570 3458 618 3542 est
627 3453 759 3562 ¹grundis
772 3452 888 3516 hebere
897 3450 990 3529 nihil.

1042 3529 1111 3592 Aur.
1128 3544 1183 3591 111.
1201 3531 1232 3604 8,
1248 3531 1279 3591 ³.

758 3686 789 3746 3.

231 3819 375 3884 Perierre
388 3817 530 3882 obdurat
571 3815 671 3880 Dolor
683 3813 737 3878 hic
752 3813 810 3877 tibi
823 3809 968 3896 proderit
980 3808 1067 3874 olim.

270 3915 369 4001 Scope
382 3915 460 3980 tulit
473 3913 558 3979 lassis
570 3933 665 3978 sucas
676 3931 802 3976 amarus
815 3929 918 3994 opem.

1025 3986 1282 4063 amat
