3322 4462
224 217 264 287 16
424 239 454 288 r.
479 238 596 287 ovrorr
617 237 768 286 sssours
788 236 949 285 osmer
971 237 1128 287 sessore.

223 376 292 454 h‘ue
306 409 365 473 ope
379 388 537 472 perveni?
558 409 621 472 quo
634 408 686 452 me
702 389 824 452 deferre
835 387 976 472 paretis?
987 389 1009 421 ”

230 489 252 522 “
264 469 353 568 Pone
366 487 530 564 metum,‘’
547 489 682 552 Proreus
697 486 720 518 “
731 490 763 550 et
777 506 853 570 quos
865 485 1048 568 contingere
1061 492 1173 571 portus
1250 533 1292 575 Ι

228 587 286 651 ede
299 584 410 649 velis”
426 584 525 678 dixit:
549 584 667 648 “terre
679 584 787 648 sistere
799 583 993 667 petitn”—
1269 589 1327 650 635

231 683 254 714 “
264 684 379 747 Naxon
390 683 414 714 ”
429 683 476 745 uit
490 682 586 746 Liber
601 682 624 714 “
634 702 745 746 oureus
757 682 909 747 edvertite
923 687 1050 746 vestros

229 781 291 844 Ille
304 779 384 843 mihi
399 780 513 843 domus
527 784 587 857 est,
604 779 691 844 vobis
704 779 766 843 erit
780 779 905 864 hospite
917 780 1050 843 tellus.”
1133 771 1137 779 ’

229 879 291 942 Per
304 897 390 941 mere
404 877 533 942 felleoes
547 897 664 961 perque
679 877 785 942 omniu
797 878 931 941 numine
944 877 1053 942 iurant

228 976 366 1049 sistere,
383 994 497 1057 meque
511 975 624 1039 iubent
638 977 741 1058 piolee
759 975 833 1039 dere
845 977 915 1041 vele
928 976 1061 1040 oerinee.
1237 1023 1243 1032 .

312 1072 476 1136 ‘Dextera
489 1073 597 1137 Naxos
610 1077 689 1136 erut.
733 1061 852 1138 Dextra
864 1073 944 1137 mibi
962 1074 1062 1138 lintee
1075 1075 1166 1139 denti
1270 1079 1328 1137 640

232 1171 351 1248 “Quid
366 1171 456 1247 ieois,
473 1172 661 1235 odernensi
682 1171 752 1255 quis
765 1175 798 1235 te
814 1173 962 1236 furor-i
972 1172 995 1204 ’⁹
1013 1173 1124 1266 inquit
1138 1172 1298 1256 Opheltes.

229 1270 292 1333 Pro
306 1289 338 1333 so
352 1269 486 1352 quisque
500 1269 608 1333 timet:
633 1268 655 1298 “
666 1268 800 1334 Iresiam
814 1274 885 1353 pete
895 1269 918 1302 ”
933 1268 1071 1334 maxime
1084 1275 1167 1334 nutu

228 1386 302 1450 pers
315 1365 394 1430 mihi
411 1366 581 1448 significet,
598 1387 671 1450 pers
685 1367 762 1450 quid
774 1367 852 1430 velit
864 1387 939 1430 eure
952 1373 1116 1432 susurrat:

230 1464 379 1548 Obstipui
395 1464 418 1494 “
430 1464 577 1547 (lupiet”
593 1485 654 1548 que
670 1465 815 1547 “aliquis
827 1465 1073 1529 moderemine”
1088 1467 1156 1530 diri

229 1583 342 1646 meque
355 1562 535 1636 ministerio
548 1562 734 1646 seelerisque
747 1563 884 1647 ertisqne
897 1563 1024 1626 removi.
1270 1568 1328 1626 645

229 1661 382 1742 Increpor
395 1678 415 1724 e
428 1661 565 1736 eunetis,
581 1664 749 1743 totumque
763 1659 976 1724 inmurmurat
988 1681 1113 1742 agmen.

230 1758 260 1822 E
274 1758 389 1841 quibus
403 1758 577 1821 Aethalion
592 1757 615 1788 “
626 1757 672 1820 Te
685 1757 805 1822 soilioet
818 1758 920 1822 omnis
934 1757 968 1820 in
982 1779 1048 1821 uno

229 1862 338 1920 nostre
351 1856 436 1919 selus
449 1856 554 1938 posite
566 1864 615 1919 est
629 1857 637 1918 Ι
649 1855 671 1887 ”
687 1854 743 1932 eit,
755 1859 789 1919 et
801 1856 886 1919 subit
898 1855 964 1938 ipse
978 1873 1146 1938 meumque

229 1956 442 2038 explet-opus,
459 1954 614 2036 Naxoque
627 1953 711 2034 petit
724 1953 846 2018 diverse
858 1953 976 2018 relicte

313 2052 419 2114 ‘'l'um
429 2052 508 2114 deus
519 2051 679 2127 inludens,
691 2054 853 2134 temqnem
863 2051 955 2114 modo
966 2051 1103 2134 denique
1112 2051 1260 2115 treudem
1271 2055 1330 2116 656

230 2149 374 2224 senserit,
389 2169 407 2212 e
420 2147 524 2232 puppi
537 2153 674 2232 pontum
689 2151 868 2232 prospectet
879 2149 1003 2212 edunou

229 2253 264 2311 56
277 2247 365 2311 flenti
380 2246 494 2310 similis
509 2246 532 2278 “
542 2247 617 2318 Non
630 2246 708 2309 huso
724 2246 804 2309 mibi
817 2247 920 2320 litore,
936 2251 1061 2322 neutue,

229 2344 420 2429 promisistis
429 2344 452 2376 ”
468 2344 525 2420 nit,
544 2343 644 2406 “non
657 2343 734 2407 hneo
747 2343 827 2406 mihi
841 2347 925 2406 terre
938 2347 1047 2425 rogate
1060 2349 1119 2408 est.

231 2443 301 2520 Quo
315 2442 417 2505 merui
431 2461 566 2524 poenam
581 2442 692 2504 lmto?
712 2461 792 2525 quse
803 2441 904 2523 glorie
917 2445 1021 2505 vestre
1033 2445 1092 2518 est,

229 2541 257 2604 si
272 2541 408 2623 puerum
421 2539 562 2613 iuuenes,
579 2538 606 2601 si
620 2537 716 2600 multi
729 2538 841 2601 sellim
854 2557 955 2601 unum
965 2540 981 2600 t
991 2539 1015 2571 ’'

230 2637 425 2702 Iamdudum
439 2636 568 2699 flebam:
589 2635 737 2698 leerimes
749 2655 861 2699 merrus
874 2635 974 2718 impis
986 2647 1109 2700 nostres

229 2735 314 2798 ridet
327 2737 360 2797 et
373 2733 512 2816 impellit
525 2732 770 2815 properantibus
782 2752 915 2815 aequore
928 2733 1032 2796 remis.

314 2831 395 2894 ‘Per
409 2829 468 2893 tibi
484 2850 572 2893 nuno
585 2830 692 2912 ipsum
707 2829 780 2911 (neo
792 2829 877 2892 enim
891 2831 1084 2913 praesentior
1097 2831 1153 2895 illo

230 2931 279 2992 est
293 2927 384 3011 deus)
400 2927 524 3003 ediuro,
543 2933 608 2990 tem
623 2946 674 2990 me
687 2926 746 2989 tibi
763 2946 834 2990 vere
845 2929 973 3003 referre,

230 3047 327 3111 quem
341 3025 407 3088 veri
421 3024 542 3088 maiore
555 3025 633 3106 ilde:
655 3023 745 3087 stetit
757 3044 889 3107 aequore
901 3025 1018 3107 puppis

229 3125 317 3188 hsud
331 3123 425 3187 eliber
439 3143 535 3204 quem
550 3122 576 3184 si
591 3121 709 3184 siooum
725 3123 832 3185 nerele
845 3125 977 3186 teneret.

230 3222 284 3286 Illi
299 3220 493 3285 sdmiruntes
506 3238 667 3283 remorum
681 3218 716 3281 in
731 3220 857 3282 verbere
871 3222 1015 3302 perstent

229 3320 360 3401 velaque
375 3318 543 3380 deduonut
556 3315 744 3398 geminaque
758 3335 816 3398 ope
828 3336 953 3380 ourrere
969 3320 1135 3399 temptent.

230 3415 420 3500 Impediunt
434 3413 569 3477 hederae
582 3433 685 3478 remos
702 3419 847 3496 nexuque
859 3433 990 3478 reourro

230 3517 363 3599 serpunt
377 3518 411 3577 et
425 3511 564 3594 gravidis
578 3513 784 3594 distinguunt
797 3513 864 3577 vele
880 3512 1043 3595 corymbis.

230 3613 303 3696 Ipse
316 3611 511 3676 reoemileris
524 3612 666 3674 frontem
679 3611 892 3674 eironmdetus
906 3610 976 3674 uvis

229 3709 409 3795 pampineis
422 3709 526 3792 agitet
538 3710 674 3773 veletern
688 3709 855 3772 frondibus
867 3709 1001 3772 hnstem.

230 3808 332 3886 Quem
348 3808 433 3871 oirou
445 3806 545 3890 tigres
558 3807 787 3890 simuleoreque
800 3806 907 3871 inanis
920 3807 1050 3889 lynoum

229 3909 452 3992 pictarumque
467 3906 573 3971 ieoent
586 3909 655 3972 lere
668 3925 800 3989 eorpore
812 3906 1052 3990 pantherarum.

231 4006 395 4072 Exsiluere
409 4004 482 4082 viri,
498 4005 564 4070 sire
576 4006 639 4070 hoo
652 4004 775 4068 insenie
787 4004 874 4082 leoit,
