<?xml version="1.0" encoding="UTF-8"?>
<!DOCTYPE html PUBLIC "-//W3C//DTD XHTML 1.0 Transitional//EN"
    "http://www.w3.org/TR/xhtml1/DTD/xhtml1-transitional.dtd">
<html xmlns="http://www.w3.org/1999/xhtml" xml:lang="en" lang="en">
 <head>
  <title>
</title>
<meta http-equiv="Content-Type" content="text/html;charset=utf-8" />
  <meta name='ocr-system' content='tesseract 3.04.00' />
  <meta name='ocr-capabilities' content='ocr_page ocr_carea ocr_par ocr_line ocrx_word'/>
</head>
<body>
  <div class='ocr_page' id='page_1' title='image "./selectionsfromo00andegoog_0102.png"; bbox 0 0 3360 4472; ppageno 0'>
   <div class='ocr_carea' id='block_1_1' title="bbox 585 255 1211 309">
    <p class='ocr_par' dir='ltr' id='par_1_1' title="bbox 585 255 1211 309">
     <span class='ocr_line' id='line_1_1' title="bbox 585 255 1211 309; baseline -0.008 0"><span class='ocrx_word' id='word_1_1' title='bbox 585 260 760 309; x_wconf 75' lang='lat' dir='ltr'>PBOVBBBS</span> <span class='ocrx_word' id='word_1_2' title='bbox 780 259 831 308; x_wconf 75' lang='lat' dir='ltr'><strong>AN</strong></span> <span class='ocrx_word' id='word_1_3' title='bbox 834 259 856 305; x_wconf 91' lang='lat' dir='ltr'>D</span> <span class='ocrx_word' id='word_1_4' title='bbox 876 257 982 306; x_wconf 71' lang='lat' dir='ltr'><strong>suom</strong></span> <span class='ocrx_word' id='word_1_5' title='bbox 1001 255 1211 306; x_wconf 68' lang='grc' dir='ltr'><strong>ΒΕΒΕΟΉΟΝΒ.</strong></span> 
     </span>
    </p>
   </div>
   <div class='ocr_carea' id='block_1_2' title="bbox 875 413 924 474">
    <p class='ocr_par' dir='ltr' id='par_1_2' title="bbox 875 413 924 474">
     <span class='ocr_line' id='line_1_2' title="bbox 875 413 924 474; baseline -0.02 0"><span class='ocrx_word' id='word_1_6' title='bbox 875 413 924 474; x_wconf 78' lang='grc'><strong>68.</strong></span> 
     </span>
    </p>
   </div>
   <div class='ocr_carea' id='block_1_3' title="bbox 357 537 1202 627">
    <p class='ocr_par' dir='ltr' id='par_1_3' title="bbox 357 537 1202 627">
     <span class='ocr_line' id='line_1_3' title="bbox 357 537 1202 627; baseline -0.007 -19"><span class='ocrx_word' id='word_1_7' title='bbox 357 544 442 608; x_wconf 88' lang='lat' dir='ltr'><strong>Nam</strong></span> <span class='ocrx_word' id='word_1_8' title='bbox 455 563 648 627; x_wconf 85' lang='lat' dir='ltr'><strong>quamquam</strong></span> <span class='ocrx_word' id='word_1_9' title='bbox 662 551 754 626; x_wconf 86' lang='lat' dir='ltr'><strong>saper</strong></span> <span class='ocrx_word' id='word_1_10' title='bbox 766 544 814 605; x_wconf 88' lang='lat' dir='ltr'><strong>est</strong></span> <span class='ocrx_word' id='word_1_11' title='bbox 826 541 931 605; x_wconf 82' lang='lat' dir='ltr'><strong>adlata</strong></span> <span class='ocrx_word' id='word_1_12' title='bbox 944 540 1046 605; x_wconf 86' lang='lat' dir='ltr'><strong>duleis</strong></span> <span class='ocrx_word' id='word_1_13' title='bbox 1059 537 1093 603; x_wconf 94' lang='lat' dir='ltr'><strong>in</strong></span> <span class='ocrx_word' id='word_1_14' title='bbox 1106 539 1202 616; x_wconf 89' lang='lat' dir='ltr'><strong>unda,</strong></span> 
     </span>
    </p>
   </div>
   <div class='ocr_carea' id='block_1_4' title="bbox 395 639 1401 797">
    <p class='ocr_par' dir='ltr' id='par_1_4' title="bbox 395 639 1401 797">
     <span class='ocr_line' id='line_1_4' title="bbox 395 639 1037 726; baseline -0.008 -19"><span class='ocrx_word' id='word_1_15' title='bbox 395 642 518 726; x_wconf 82' lang='lat' dir='ltr'><strong>gratius</strong></span> <span class='ocrx_word' id='word_1_16' title='bbox 530 661 569 704; x_wconf 89' lang='lat' dir='ltr'><strong>ex</strong></span> <span class='ocrx_word' id='word_1_17' title='bbox 581 641 651 724; x_wconf 87' lang='lat' dir='ltr'><strong>ipso</strong></span> <span class='ocrx_word' id='word_1_18' title='bbox 664 642 754 706; x_wconf 75' lang='lat' dir='ltr'><strong>fonte</strong></span> <span class='ocrx_word' id='word_1_19' title='bbox 767 639 920 703; x_wconf 86' lang='lat' dir='ltr'><strong>bibuntur</strong></span> <span class='ocrx_word' id='word_1_20' title='bbox 931 658 1037 722; x_wconf 86' lang='lat' dir='ltr'><strong>aquae.</strong></span> 
     </span>
     <span class='ocr_line' id='line_1_5' title="bbox 1111 717 1401 797; baseline 0.01 -16"><span class='ocrx_word' id='word_1_21' title='bbox 1111 717 1401 797; x_wconf 57' lang='lat' dir='ltr'><strong>fflkmnst</strong></span> 
     </span>
    </p>
   </div>
   <div class='ocr_carea' id='block_1_5' title="bbox 878 884 928 945">
    <p class='ocr_par' dir='ltr' id='par_1_5' title="bbox 878 884 928 945">
     <span class='ocr_line' id='line_1_6' title="bbox 878 884 928 945; baseline 0 -1"><span class='ocrx_word' id='word_1_22' title='bbox 878 884 928 945; x_wconf 80' lang='lat'><strong>59.</strong></span> 
     </span>
    </p>
   </div>
   <div class='ocr_carea' id='block_1_6' title="bbox 357 1011 1401 1168">
    <p class='ocr_par' dir='ltr' id='par_1_6' title="bbox 357 1011 1401 1168">
     <span class='ocr_line' id='line_1_7' title="bbox 357 1011 967 1097; baseline 0 -21"><span class='ocrx_word' id='word_1_23' title='bbox 357 1013 467 1078; x_wconf 85' lang='lat' dir='ltr'><strong>Gratia</strong></span> <span class='ocrx_word' id='word_1_24' title='bbox 480 1012 541 1090; x_wconf 85' lang='lat' dir='ltr'><strong>dis,</strong></span> <span class='ocrx_word' id='word_1_25' title='bbox 556 1013 659 1078; x_wconf 89' lang='lat' dir='ltr'><strong>menti</strong></span> <span class='ocrx_word' id='word_1_26' title='bbox 673 1014 814 1097; x_wconf 89' lang='lat' dir='ltr'><strong>quolibet</strong></span> <span class='ocrx_word' id='word_1_27' title='bbox 826 1012 873 1077; x_wconf 89' lang='lat' dir='ltr'><strong>ire</strong></span> <span class='ocrx_word' id='word_1_28' title='bbox 884 1011 967 1076; x_wconf 84' lang='lat' dir='ltr'><strong>lieet.</strong></span> 
     </span>
     <span class='ocr_line' id='line_1_8' title="bbox 1111 1090 1401 1168; baseline 0.007 -15"><span class='ocrx_word' id='word_1_29' title='bbox 1111 1090 1401 1168; x_wconf 57' lang='lat' dir='ltr'><strong>fflRmnffi</strong></span> 
     </span>
    </p>
   </div>
   <div class='ocr_carea' id='block_1_7' title="bbox 876 1257 925 1317">
    <p class='ocr_par' dir='ltr' id='par_1_7' title="bbox 876 1257 925 1317">
     <span class='ocr_line' id='line_1_9' title="bbox 876 1257 925 1317; baseline -0.082 1"><span class='ocrx_word' id='word_1_30' title='bbox 876 1257 925 1317; x_wconf 88' lang='grc'><strong>60.</strong></span> 
     </span>
    </p>
   </div>
   <div class='ocr_carea' id='block_1_8' title="bbox 357 1384 1105 1468">
    <p class='ocr_par' dir='ltr' id='par_1_8' title="bbox 357 1384 1105 1468">
     <span class='ocr_line' id='line_1_10' title="bbox 357 1384 1105 1468; baseline -0.005 -18"><span class='ocrx_word' id='word_1_31' title='bbox 357 1385 472 1450; x_wconf 89' lang='lat' dir='ltr'><strong>Omnia</strong></span> <span class='ocrx_word' id='word_1_32' title='bbox 486 1391 562 1450; x_wconf 88' lang='lat' dir='ltr'><strong>sunt</strong></span> <span class='ocrx_word' id='word_1_33' title='bbox 575 1387 743 1452; x_wconf 85' lang='lat' dir='ltr'><strong>hominum</strong></span> <span class='ocrx_word' id='word_1_34' title='bbox 756 1385 846 1450; x_wconf 91' lang='lat' dir='ltr'><strong>tenui</strong></span> <span class='ocrx_word' id='word_1_35' title='bbox 859 1384 1028 1468; x_wconf 88' lang='lat' dir='ltr'><strong>pendentia</strong></span> <span class='ocrx_word' id='word_1_36' title='bbox 1040 1384 1105 1460; x_wconf 89' lang='lat' dir='ltr'><strong>filo,</strong></span> 
     </span>
    </p>
   </div>
   <div class='ocr_carea' id='block_1_9' title="bbox 351 1483 1402 1640">
    <p class='ocr_par' dir='ltr' id='par_1_9' title="bbox 351 1483 1402 1640">
     <span class='ocr_line' id='line_1_11' title="bbox 351 1483 996 1567; baseline -0.005 -19"><span class='ocrx_word' id='word_1_37' title='bbox 351 1535 357 1548; x_wconf 95' lang='lat'><strong>.</strong></span> <span class='ocrx_word' id='word_1_38' title='bbox 395 1486 428 1546; x_wconf 85' lang='lat' dir='ltr'><strong>et</strong></span> <span class='ocrx_word' id='word_1_39' title='bbox 440 1483 545 1547; x_wconf 91' lang='lat' dir='ltr'><strong>subito</strong></span> <span class='ocrx_word' id='word_1_40' title='bbox 557 1503 632 1547; x_wconf 86' lang='lat' dir='ltr'><strong>easu</strong></span> <span class='ocrx_word' id='word_1_41' title='bbox 646 1484 875 1567; x_wconf 68' lang='lat' dir='ltr'><strong>quaestinem,</strong></span> <span class='ocrx_word' id='word_1_42' title='bbox 890 1485 996 1546; x_wconf 85' lang='lat' dir='ltr'><strong>ruunt.</strong></span> 
     </span>
     <span class='ocr_line' id='line_1_12' title="bbox 1118 1562 1402 1640; baseline -0.007 -14"><span class='ocrx_word' id='word_1_43' title='bbox 1118 1562 1402 1640; x_wconf 45' lang='lat' dir='ltr'><strong>&amp;Rama</strong></span> 
     </span>
    </p>
   </div>
   <div class='ocr_carea' id='block_1_10' title="bbox 876 1731 923 1791">
    <p class='ocr_par' dir='ltr' id='par_1_10' title="bbox 876 1731 923 1791">
     <span class='ocr_line' id='line_1_13' title="bbox 876 1731 923 1791; baseline -0.021 0"><span class='ocrx_word' id='word_1_44' title='bbox 876 1731 923 1791; x_wconf 94' lang='grc'><strong>61.</strong></span> 
     </span>
    </p>
   </div>
   <div class='ocr_carea' id='block_1_11' title="bbox 355 1857 1182 2330">
    <p class='ocr_par' dir='ltr' id='par_1_11' title="bbox 355 1857 1145 2036">
     <span class='ocr_line' id='line_1_14' title="bbox 355 1857 1145 1934; baseline -0.001 -13"><span class='ocrx_word' id='word_1_45' title='bbox 355 1857 455 1922; x_wconf 89' lang='lat' dir='ltr'><strong>Nulla</strong></span> <span class='ocrx_word' id='word_1_46' title='bbox 466 1858 533 1922; x_wconf 86' lang='lat' dir='ltr'><strong>dies</strong></span> <span class='ocrx_word' id='word_1_47' title='bbox 546 1859 624 1922; x_wconf 86' lang='lat' dir='ltr'><strong>adeo</strong></span> <span class='ocrx_word' id='word_1_48' title='bbox 637 1860 686 1933; x_wconf 88' lang='lat' dir='ltr'><strong>est</strong></span> <span class='ocrx_word' id='word_1_49' title='bbox 699 1857 887 1922; x_wconf 76' lang='lat' dir='ltr'><strong>australibus</strong></span> <span class='ocrx_word' id='word_1_50' title='bbox 899 1857 1007 1922; x_wconf 89' lang='lat' dir='ltr'><strong>umida</strong></span> <span class='ocrx_word' id='word_1_51' title='bbox 1019 1857 1145 1934; x_wconf 80' lang='lat' dir='ltr'>nimbis,</span> 
     </span>
     <span class='ocr_line' id='line_1_15' title="bbox 394 1953 1023 2036; baseline 0 -18"><span class='ocrx_word' id='word_1_52' title='bbox 394 1975 460 2019; x_wconf 90' lang='lat' dir='ltr'><strong>non</strong></span> <span class='ocrx_word' id='word_1_53' title='bbox 473 1955 660 2019; x_wconf 76' lang='lat' dir='ltr'><strong>intermissis</strong></span> <span class='ocrx_word' id='word_1_54' title='bbox 673 1958 711 2018; x_wconf 89' lang='lat' dir='ltr'><strong>ut</strong></span> <span class='ocrx_word' id='word_1_55' title='bbox 725 1955 803 2017; x_wconf 87' lang='lat' dir='ltr'><strong>fluat</strong></span> <span class='ocrx_word' id='word_1_56' title='bbox 816 1953 916 2017; x_wconf 87' lang='lat' dir='ltr'><strong>imber</strong></span> <span class='ocrx_word' id='word_1_57' title='bbox 927 1954 1023 2036; x_wconf 81' lang='lat' dir='ltr'><strong>aquis</strong></span> 
     </span>
    </p>

    <p class='ocr_par' dir='ltr' id='par_1_12' title="bbox 355 2050 1182 2215">
     <span class='ocr_line' id='line_1_16' title="bbox 355 2050 1182 2129; baseline -0.001 -13"><span class='ocrx_word' id='word_1_58' title='bbox 355 2053 424 2118; x_wconf 84' lang='lat' dir='ltr'><strong>Nea</strong></span> <span class='ocrx_word' id='word_1_59' title='bbox 436 2052 551 2118; x_wconf 77' lang='lat' dir='ltr'><strong>sterilis</strong></span> <span class='ocrx_word' id='word_1_60' title='bbox 564 2053 653 2116; x_wconf 83' lang='lat' dir='ltr'><strong>loeus</strong></span> <span class='ocrx_word' id='word_1_61' title='bbox 666 2052 753 2116; x_wconf 83' lang='lat' dir='ltr'><strong>ullus</strong></span> <span class='ocrx_word' id='word_1_62' title='bbox 765 2050 882 2129; x_wconf 70' lang='lat' dir='ltr'><strong>itaeet,</strong></span> <span class='ocrx_word' id='word_1_63' title='bbox 897 2053 936 2114; x_wconf 89' lang='lat' dir='ltr'><strong>ut</strong></span> <span class='ocrx_word' id='word_1_64' title='bbox 948 2071 1011 2115; x_wconf 89' lang='lat' dir='ltr'><strong>non</strong></span> <span class='ocrx_word' id='word_1_65' title='bbox 1023 2051 1067 2115; x_wconf 88' lang='lat' dir='ltr'><strong>sit</strong></span> <span class='ocrx_word' id='word_1_66' title='bbox 1079 2050 1114 2114; x_wconf 92' lang='lat' dir='ltr'><strong>in</strong></span> <span class='ocrx_word' id='word_1_67' title='bbox 1126 2050 1182 2115; x_wconf 88' lang='lat' dir='ltr'><strong>illo</strong></span> 
     </span>
     <span class='ocr_line' id='line_1_17' title="bbox 395 2148 994 2215; baseline -0.002 -2"><span class='ocrx_word' id='word_1_68' title='bbox 395 2150 497 2214; x_wconf 84' lang='lat' dir='ltr'><strong>mixta</strong></span> <span class='ocrx_word' id='word_1_69' title='bbox 507 2151 575 2215; x_wconf 78' lang='lat' dir='ltr'><strong>iera</strong></span> <span class='ocrx_word' id='word_1_70' title='bbox 589 2149 678 2214; x_wconf 87' lang='lat' dir='ltr'><strong>duris</strong></span> <span class='ocrx_word' id='word_1_71' title='bbox 691 2149 781 2214; x_wconf 89' lang='lat' dir='ltr'><strong>utilis</strong></span> <span class='ocrx_word' id='word_1_72' title='bbox 794 2149 892 2213; x_wconf 85' lang='lat' dir='ltr'><strong>herba</strong></span> <span class='ocrx_word' id='word_1_73' title='bbox 901 2148 994 2212; x_wconf 83' lang='lat' dir='ltr'><strong>rubis</strong></span> 
     </span>
    </p>

    <p class='ocr_par' dir='ltr' id='par_1_13' title="bbox 356 2245 1039 2330">
     <span class='ocr_line' id='line_1_18' title="bbox 356 2245 1039 2330; baseline -0.006 -18"><span class='ocrx_word' id='word_1_74' title='bbox 356 2247 413 2312; x_wconf 83' lang='lat' dir='ltr'><strong>Nil</strong></span> <span class='ocrx_word' id='word_1_75' title='bbox 426 2249 504 2312; x_wconf 87' lang='lat' dir='ltr'><strong>adeo</strong></span> <span class='ocrx_word' id='word_1_76' title='bbox 516 2249 649 2313; x_wconf 80' lang='lat' dir='ltr'><strong>fortuna</strong></span> <span class='ocrx_word' id='word_1_77' title='bbox 661 2247 765 2330; x_wconf 83' lang='lat' dir='ltr'><strong>gravis</strong></span> <span class='ocrx_word' id='word_1_78' title='bbox 777 2246 950 2311; x_wconf 77' lang='lat' dir='ltr'><strong>miserabile</strong></span> <span class='ocrx_word' id='word_1_79' title='bbox 961 2245 1039 2310; x_wconf 80' lang='lat' dir='ltr'><strong>feeit</strong></span> 
     </span>
    </p>
   </div>
   <div class='ocr_carea' id='block_1_12' title="bbox 396 2343 1402 2502">
    <p class='ocr_par' dir='ltr' id='par_1_14' title="bbox 396 2343 1402 2502">
     <span class='ocr_line' id='line_1_19' title="bbox 396 2343 1070 2428; baseline -0.006 -20"><span class='ocrx_word' id='word_1_80' title='bbox 396 2348 435 2408; x_wconf 84' lang='lat' dir='ltr'><strong>ut</strong></span> <span class='ocrx_word' id='word_1_81' title='bbox 447 2343 596 2409; x_wconf 87' lang='lat' dir='ltr'><strong>minuant</strong></span> <span class='ocrx_word' id='word_1_82' title='bbox 608 2345 700 2408; x_wconf 86' lang='lat' dir='ltr'><strong>nulla</strong></span> <span class='ocrx_word' id='word_1_83' title='bbox 712 2343 828 2428; x_wconf 84' lang='lat' dir='ltr'><strong>gaudia</strong></span> <span class='ocrx_word' id='word_1_84' title='bbox 840 2347 928 2428; x_wconf 84' lang='lat' dir='ltr'><strong>parte</strong></span> <span class='ocrx_word' id='word_1_85' title='bbox 940 2345 1070 2406; x_wconf 82' lang='lat' dir='ltr'><strong>malum.</strong></span> 
     </span>
     <span class='ocr_line' id='line_1_20' title="bbox 433 2424 1402 2502; baseline 0.009 -22"><span class='ocrx_word' id='word_1_86' title='bbox 433 2463 435 2470; x_wconf 45' lang='lat'>&gt;</span> <span class='ocrx_word' id='word_1_87' title='bbox 1138 2424 1402 2502; x_wconf 55' lang='lat' dir='ltr'><strong>fflRmaL</strong></span> 
     </span>
    </p>
   </div>
   <div class='ocr_carea' id='block_1_13' title="bbox 877 2589 924 2650">
    <p class='ocr_par' dir='ltr' id='par_1_15' title="bbox 877 2589 924 2650">
     <span class='ocr_line' id='line_1_21' title="bbox 877 2589 924 2650; baseline 0.043 -2"><span class='ocrx_word' id='word_1_88' title='bbox 877 2589 924 2650; x_wconf 71' lang='lat'><strong>62.</strong></span> 
     </span>
    </p>
   </div>
   <div class='ocr_carea' id='block_1_14' title="bbox 359 2700 1176 2896">
    <p class='ocr_par' dir='ltr' id='par_1_16' title="bbox 359 2700 1176 2896">
     <span class='ocr_line' id='line_1_22' title="bbox 359 2700 1176 2798; baseline -0.005 -16"><span class='ocrx_word' id='word_1_89' title='bbox 359 2717 458 2782; x_wconf 77' lang='lat' dir='ltr'><strong>Crede</strong></span> <span class='ocrx_word' id='word_1_90' title='bbox 470 2715 563 2792; x_wconf 90' lang='lat' dir='ltr'><strong>mihi,</strong></span> <span class='ocrx_word' id='word_1_91' title='bbox 579 2715 708 2780; x_wconf 89' lang='lat' dir='ltr'><strong>miseros</strong></span> <span class='ocrx_word' id='word_1_92' title='bbox 721 2715 891 2798; x_wconf 86' lang='lat' dir='ltr'><strong>prudentia</strong></span> <span class='ocrx_word' id='word_1_93' title='bbox 902 2715 1003 2797; x_wconf 85' lang='lat' dir='ltr'><strong>prima</strong></span> <span class='ocrx_word' id='word_1_94' title='bbox 1015 2700 1176 2798; x_wconf 74' lang='lat' dir='ltr'><strong>relinquit,</strong></span> 
     </span>
     <span class='ocr_line' id='line_1_23' title="bbox 397 2812 1032 2896; baseline -0.002 -19"><span class='ocrx_word' id='word_1_95' title='bbox 397 2817 431 2877; x_wconf 92' lang='lat' dir='ltr'><strong>et</strong></span> <span class='ocrx_word' id='word_1_96' title='bbox 443 2833 551 2877; x_wconf 84' lang='lat' dir='ltr'><strong>sensus</strong></span> <span class='ocrx_word' id='word_1_97' title='bbox 563 2833 638 2876; x_wconf 81' lang='lat' dir='ltr'><strong>aum</strong></span> <span class='ocrx_word' id='word_1_98' title='bbox 651 2833 686 2875; x_wconf 86' lang='lat' dir='ltr'><strong>re</strong></span> <span class='ocrx_word' id='word_1_99' title='bbox 699 2812 927 2894; x_wconf 85' lang='lat' dir='ltr'><strong>eonsiliumque</strong></span> <span class='ocrx_word' id='word_1_100' title='bbox 937 2813 1032 2896; x_wconf 81' lang='lat' dir='ltr'><strong>tagit.</strong></span> 
     </span>
    </p>
   </div>
   <div class='ocr_carea' id='block_1_15' title="bbox 877 3057 924 3118">
    <p class='ocr_par' dir='ltr' id='par_1_17' title="bbox 877 3057 924 3118">
     <span class='ocr_line' id='line_1_24' title="bbox 877 3057 924 3118; baseline -0.021 0"><span class='ocrx_word' id='word_1_101' title='bbox 877 3057 924 3118; x_wconf 84' lang='grc'><strong>63.</strong></span> 
     </span>
    </p>
   </div>
   <div class='ocr_carea' id='block_1_16' title="bbox 357 3182 1155 3561">
    <p class='ocr_par' dir='ltr' id='par_1_18' title="bbox 357 3182 1155 3561">
     <span class='ocr_line' id='line_1_25' title="bbox 357 3182 1155 3270; baseline 0 -22"><span class='ocrx_word' id='word_1_102' title='bbox 357 3184 403 3249; x_wconf 86' lang='lat' dir='ltr'><strong>At</strong></span> <span class='ocrx_word' id='word_1_103' title='bbox 416 3189 584 3270; x_wconf 86' lang='lat' dir='ltr'><strong>postquam</strong></span> <span class='ocrx_word' id='word_1_104' title='bbox 596 3186 729 3260; x_wconf 70' lang='lat' dir='ltr'><strong>fortuna</strong></span> <span class='ocrx_word' id='word_1_105' title='bbox 741 3182 801 3249; x_wconf 81' lang='lat' dir='ltr'><strong>loci</strong></span> <span class='ocrx_word' id='word_1_106' title='bbox 815 3187 911 3267; x_wconf 79' lang='lat' dir='ltr'><strong>eaput</strong></span> <span class='ocrx_word' id='word_1_107' title='bbox 923 3185 1037 3249; x_wconf 83' lang='lat' dir='ltr'><strong>extulit</strong></span> <span class='ocrx_word' id='word_1_108' title='bbox 1049 3184 1155 3261; x_wconf 88' lang='lat' dir='ltr'><strong>huius,</strong></span> 
     </span>
     <span class='ocr_line' id='line_1_26' title="bbox 397 3281 1027 3365; baseline 0 -18"><span class='ocrx_word' id='word_1_109' title='bbox 397 3287 430 3347; x_wconf 86' lang='lat' dir='ltr'><strong>et</strong></span> <span class='ocrx_word' id='word_1_110' title='bbox 443 3283 552 3365; x_wconf 85' lang='lat' dir='ltr'><strong>tetigit</strong></span> <span class='ocrx_word' id='word_1_111' title='bbox 565 3303 689 3347; x_wconf 90' lang='lat' dir='ltr'><strong>summo</strong></span> <span class='ocrx_word' id='word_1_112' title='bbox 702 3281 819 3347; x_wconf 81' lang='lat' dir='ltr'><strong>vertiea</strong></span> <span class='ocrx_word' id='word_1_113' title='bbox 833 3283 1027 3359; x_wconf 71' lang='lat' dir='ltr'><strong>Homadena</strong></span> 
     </span>
     <span class='ocr_line' id='line_1_27' title="bbox 358 3371 1087 3464; baseline 0 -21"><span class='ocrx_word' id='word_1_114' title='bbox 358 3384 525 3450; x_wconf 72' lang='lat' dir='ltr'><strong>creverunt</strong></span> <span class='ocrx_word' id='word_1_115' title='bbox 538 3384 571 3443; x_wconf 90' lang='lat' dir='ltr'><strong>et</strong></span> <span class='ocrx_word' id='word_1_116' title='bbox 584 3401 659 3464; x_wconf 89' lang='lat' dir='ltr'><strong>opes</strong></span> <span class='ocrx_word' id='word_1_117' title='bbox 672 3383 705 3444; x_wconf 89' lang='lat' dir='ltr'><strong>et</strong></span> <span class='ocrx_word' id='word_1_118' title='bbox 721 3400 819 3462; x_wconf 86' lang='lat' dir='ltr'><strong>opum</strong></span> <span class='ocrx_word' id='word_1_119' title='bbox 832 3371 949 3444; x_wconf 78' lang='lat' dir='ltr'><strong>furiosa</strong></span> <span class='ocrx_word' id='word_1_120' title='bbox 960 3379 1087 3462; x_wconf 76' lang='lat' dir='ltr'><strong>cupido,</strong></span> 
     </span>
     <span class='ocr_line' id='line_1_28' title="bbox 398 3477 1130 3561; baseline -0.001 -20"><span class='ocrx_word' id='word_1_121' title='bbox 398 3482 442 3555; x_wconf 90' lang='lat' dir='ltr'><strong>et,</strong></span> <span class='ocrx_word' id='word_1_122' title='bbox 457 3499 532 3542; x_wconf 86' lang='lat' dir='ltr'><strong>eum</strong></span> <span class='ocrx_word' id='word_1_123' title='bbox 545 3479 727 3561; x_wconf 80' lang='lat' dir='ltr'><strong>possideant</strong></span> <span class='ocrx_word' id='word_1_124' title='bbox 740 3477 888 3560; x_wconf 90' lang='lat' dir='ltr'><strong>plurima,</strong></span> <span class='ocrx_word' id='word_1_125' title='bbox 903 3478 994 3560; x_wconf 87' lang='lat' dir='ltr'><strong>plura</strong></span> <span class='ocrx_word' id='word_1_126' title='bbox 1005 3481 1130 3561; x_wconf 89' lang='lat' dir='ltr'><strong>petunt.</strong></span> 
     </span>
    </p>
   </div>
   <div class='ocr_carea' id='block_1_17' title="bbox 1404 244 1444 322">
    <p class='ocr_par' dir='ltr' id='par_1_19' title="bbox 1404 244 1444 322">
     <span class='ocr_line' id='line_1_29' title="bbox 1404 244 1444 322; baseline 0 0"><span class='ocrx_word' id='word_1_127' title='bbox 1404 244 1444 322; x_wconf 86' lang='grc'><strong>85</strong></span> 
     </span>
    </p>
   </div>
   <div class='ocr_carea' id='block_1_18' title="bbox 1099 2893 1403 2971">
    <p class='ocr_par' dir='ltr' id='par_1_20' title="bbox 1099 2893 1403 2971">
     <span class='ocr_line' id='line_1_30' title="bbox 1099 2893 1403 2971; baseline 0.01 -16"><span class='ocrx_word' id='word_1_128' title='bbox 1099 2893 1152 2955; x_wconf 80' lang='lat' dir='ltr'><strong>Ex</strong></span> <span class='ocrx_word' id='word_1_129' title='bbox 1167 2893 1204 2956; x_wconf 90' lang='lat' dir='ltr'><strong>P.</strong></span> <span class='ocrx_word' id='word_1_130' title='bbox 1219 2909 1267 2958; x_wconf 85' lang='lat' dir='ltr'><strong>1v.</strong></span> <span class='ocrx_word' id='word_1_131' title='bbox 1286 2897 1336 2971; x_wconf 73' lang='lat'><strong>12,</strong></span> <span class='ocrx_word' id='word_1_132' title='bbox 1351 2897 1403 2960; x_wconf 74' lang='grc'><strong>47.</strong></span> 
     </span>
    </p>
   </div>
   <div class='ocr_carea' id='block_1_19' title="bbox 1175 3573 1407 3640">
    <p class='ocr_par' dir='ltr' id='par_1_21' title="bbox 1175 3573 1407 3640">
     <span class='ocr_line' id='line_1_31' title="bbox 1175 3573 1407 3640; baseline 0 -4"><span class='ocrx_word' id='word_1_133' title='bbox 1175 3573 1272 3640; x_wconf 74' lang='lat' dir='ltr'><strong>Fnsr.</strong></span> <span class='ocrx_word' id='word_1_134' title='bbox 1291 3592 1315 3640; x_wconf 88' lang='lat'><strong>1.</strong></span> <span class='ocrx_word' id='word_1_135' title='bbox 1333 3575 1407 3637; x_wconf 76' lang='lat'><strong>209.</strong></span> 
     </span>
    </p>
   </div>
   <div class='ocr_carea' id='block_1_20' title="bbox 753 3711 927 3800">
    <p class='ocr_par' dir='ltr' id='par_1_22' title="bbox 753 3711 927 3800">
     <span class='ocr_line' id='line_1_32' title="bbox 753 3711 927 3800; baseline 0.006 -1"><span class='ocrx_word' id='word_1_136' title='bbox 753 3711 767 3722; x_wconf 79' lang='grc'><strong>’</strong></span> <span class='ocrx_word' id='word_1_137' title='bbox 880 3737 927 3800; x_wconf 78' lang='lat'><strong>64.</strong></span> 
     </span>
    </p>
   </div>
   <div class='ocr_carea' id='block_1_21' title="bbox 359 3864 1199 4050">
    <p class='ocr_par' dir='ltr' id='par_1_23' title="bbox 359 3864 1199 4050">
     <span class='ocr_line' id='line_1_33' title="bbox 359 3864 1199 3952; baseline 0.002 -22"><span class='ocrx_word' id='word_1_138' title='bbox 359 3865 400 3930; x_wconf 90' lang='lat' dir='ltr'><strong>In</strong></span> <span class='ocrx_word' id='word_1_139' title='bbox 413 3865 515 3951; x_wconf 88' lang='lat' dir='ltr'><strong>pretio</strong></span> <span class='ocrx_word' id='word_1_140' title='bbox 529 3867 670 3952; x_wconf 88' lang='lat' dir='ltr'><strong>pretium</strong></span> <span class='ocrx_word' id='word_1_141' title='bbox 684 3887 770 3932; x_wconf 83' lang='lat' dir='ltr'><strong>nune</strong></span> <span class='ocrx_word' id='word_1_142' title='bbox 784 3871 845 3932; x_wconf 89' lang='lat' dir='ltr'><strong>est:</strong></span> <span class='ocrx_word' id='word_1_143' title='bbox 867 3867 921 3932; x_wconf 89' lang='lat' dir='ltr'><strong>dat</strong></span> <span class='ocrx_word' id='word_1_144' title='bbox 933 3886 1043 3932; x_wconf 84' lang='lat' dir='ltr'><strong>aeneus</strong></span> <span class='ocrx_word' id='word_1_145' title='bbox 1055 3864 1199 3946; x_wconf 85' lang='lat' dir='ltr'><strong>honores,</strong></span> 
     </span>
     <span class='ocr_line' id='line_1_34' title="bbox 398 3965 1066 4050; baseline -0.003 -20"><span class='ocrx_word' id='word_1_146' title='bbox 398 3985 510 4030; x_wconf 81' lang='lat' dir='ltr'><strong>oeneus</strong></span> <span class='ocrx_word' id='word_1_147' title='bbox 523 3965 694 4045; x_wconf 63' lang='lat' dir='ltr'><strong>amicitiam</strong></span> <span class='ocrx_word' id='word_1_148' title='bbox 715 3985 836 4050; x_wconf 80' lang='lat' dir='ltr'><strong>pauper</strong></span> <span class='ocrx_word' id='word_1_149' title='bbox 848 3966 963 4049; x_wconf 89' lang='lat' dir='ltr'><strong>ubique</strong></span> <span class='ocrx_word' id='word_1_150' title='bbox 974 3966 1066 4030; x_wconf 82' lang='lat' dir='ltr'><strong>iaeet.</strong></span> 
     </span>
    </p>
   </div>
   <div class='ocr_carea' id='block_1_22' title="bbox 1179 4044 1409 4112">
    <p class='ocr_par' dir='ltr' id='par_1_24' title="bbox 1179 4044 1409 4112">
     <span class='ocr_line' id='line_1_35' title="bbox 1179 4044 1409 4112; baseline 0.004 -4"><span class='ocrx_word' id='word_1_151' title='bbox 1179 4044 1409 4112; x_wconf 56' lang='lat' dir='ltr'><strong>mmmmm</strong></span> 
     </span>
    </p>
   </div>
   <div class='ocr_carea' id='block_1_23' title="bbox 0 0 1684 4472">
    <p class='ocr_par' dir='ltr' id='par_1_25' title="bbox 0 0 1684 4472">
     <span class='ocr_line' id='line_1_36' title="bbox 0 0 1684 4472; baseline 0 0"><span class='ocrx_word' id='word_1_152' title='bbox 0 0 1684 4472; x_wconf 95' lang='lat' dir='ltr'><strong> </strong></span> 
     </span>
    </p>
   </div>
  </div>
 </body>
</html>
