3322 4462
593 240 645 291 AN
667 241 1019 291 sunomounsl‘mosu
1038 244 1175 292 BKENH.

344 394 474 472 Ulh'ms,
490 412 569 478 quse
583 411 709 458 mecum
723 413 807 458 seros
819 394 995 476 permansit
1007 394 1042 459 in
1055 415 1162 472 unnos,

382 491 531 558 sustinuit
543 490 685 556 coniunx
697 491 815 556 exsulis
827 511 893 556 esse
905 492 976 557 viri.

343 591 423 656 Filis
435 611 485 654 me
498 610 569 654 meu
581 588 631 653 bie
644 589 749 673 prime
762 590 902 654 fecunde
915 589 1053 668 invente,

382 690 433 753 secl
447 709 512 752 non
527 707 567 751 ex
579 707 646 751 uno
659 686 805 771 coniuge,
820 687 899 753 tecit
911 698 1016 752 evurn

343 785 388 850 st
399 787 461 850 ism
474 787 648 868 compleret
661 785 788 867 genitor
801 807 859 850 sue
870 786 949 862 tute,
964 805 1136 870 novemque

381 883 545 948 eddiderat
557 883 667 952 lustris
680 884 780 947 ultera
792 884 893 948 luetre
905 904 1028 948 novem.

343 982 417 1045 Non
428 981 520 1044 aliter
533 980 616 1057 flevi,
633 1001 729 1064 quern
742 1001 795 1045 me
808 982 941 1045 fleturus
953 983 1136 1065 ademptum

382 1078 520 1142 illefuit
566 1078 664 1141 Mutri
676 1078 919 1162 proximuiuste
932 1078 1004 1142 tuli.

344 1175 459 1250 Felices
471 1175 564 1239 umbo
577 1176 827 1260 tempestiveque
840 1175 969 1259 sepulti,

382 1283 453 1337 unte
466 1273 551 1337 diem
563 1293 685 1357 peenee
699 1274 784 1357 quod
800 1274 919 1356 periere
933 1276 1034 1338 meeel

344 1371 396 1436 Me
408 1391 530 1455 quoque
542 1371 682 1447 felicem,
699 1371 784 1455 quod
798 1392 864 1435 non
879 1371 1057 1437 viventibus
1067 1372 1131 1437 illis

382 1479 450 1532 sum
462 1469 568 1546 miser,
584 1469 670 1533 etde
684 1489 735 1533 me
749 1469 834 1552 quod
848 1471 977 1534 doluere
990 1470 1082 1534 nihil.

345 1553 379 1633 'si
391 1573 495 1632 temen
508 1567 674 1631 exstinctis
687 1567 809 1651 eliquid
824 1567 884 1631 nisi
899 1568 1029 1632 nomine
1041 1572 1169 1644 restent,

383 1669 415 1728 et
426 1665 551 1748 gracilis
564 1668 702 1728 structos
715 1665 831 1748 effugit
844 1665 957 1729 umbre
969 1685 1071 1746 rogos,

344 1763 437 1840 lens,
451 1762 638 1845 perentules,
654 1762 681 1825 si
696 1781 750 1826 voe
762 1782 834 1826 mee
846 1762 993 1845 contigit,
1009 1763 1147 1840 umbree,

383 1864 415 1924 et
426 1863 502 1924 eunt
514 1859 550 1922 in
564 1859 674 1942 Stygio
689 1859 824 1923 crimino
835 1863 944 1924 nostre
956 1861 1039 1924 foro:

346 1957 429 2034 scite,
443 1976 564 2040 precor,
579 1976 706 2020 oensem
721 1955 795 2037 (nec
808 1977 863 2021 vos
876 1956 958 2020 mihi
971 1957 1079 2022 fellere
1090 1958 1139 2022 ies
1151 1957 1210 2042 est)

383 2075 517 2119 errorem
530 2054 642 2131 iussae,
658 2074 722 2118 non
737 2055 840 2119 scelus
852 2075 917 2119 esse
929 2055 1034 2137 iuges.

347 2152 490 2217 Manibus
502 2153 564 2216 hoc
577 2152 653 2216 setis
666 2156 723 2216 est.
767 2151 821 2216 An
834 2173 899 2230 vos,
915 2153 1065 2230 studiose,
1081 2157 1227 2230 revertor,

384 2254 519 2334 pectore,
536 2249 591 2333 qni
604 2250 689 2314 ritee
702 2249 853 2333 quaeritis
866 2254 937 2314 ecte
949 2271 1045 2315 mese.

347 2344 414 2412 Iesu
426 2347 505 2411 mihi
519 2346 650 2412 canities
663 2346 764 2431 pulsis
776 2347 960 2412 melioribus
973 2348 1065 2412 ennis

386 2448 521 2521 teneret,
537 2444 625 2527 antiq
630 2465 684 2508 uae
696 2444 928 2528 miscueratque
941 2465 1055 2522 comes,

347 2544 475 2625 postque
488 2561 574 2604 meos
587 2545 677 2604 ortus
690 2541 801 2606 Piseee
812 2541 940 2606 vinctus
953 2542 1035 2606 olive

385 2638 557 2706 abstulerat
570 2634 696 2701 deciens
708 2638 850 2720 preemiu
863 2637 965 2701 victor
977 2655 1080 2720 eques,

346 2755 419 2798 curn
429 2735 527 2798 merie
539 2733 661 2797 Euxini
673 2734 793 2816 positos
806 2735 847 2798 ud
860 2735 950 2798 luove
962 2735 1102 2815 'fomites

385 2851 529 2914 quaerere
542 2851 594 2895 me
607 2830 683 2896 loesi
696 2830 851 2914 principis
864 2831 912 2894 ire
924 2831 1021 2897 iubet.

348 2929 445 2993 (leuse
458 2949 544 2993 mese
558 2928 683 2994 cunctis
696 2929 835 2992 nimium
849 2949 974 3012 quoque
986 2931 1064 2993 note
1074 2929 1184 2993 ruinee

384 3026 499 3090 indicio
512 3047 578 3090 non
591 3031 639 3091 est
652 3026 852 3091 testificanda
865 3046 945 3090 meo.
1081 3049 1227 3139 JK
1375 3031 1435 3092 100

347 3123 429 3200 Quid
441 3125 576 3194 reserem
589 3123 808 3206 comitumque
821 3123 912 3197 netes
924 3123 1121 3208 famulosque
1133 3126 1304 3188 nocentes?

385 3220 456 3304 Ipse
469 3221 572 3285 multe
584 3221 647 3284 tuli
661 3221 859 3285 nonlerioru
870 3221 959 3304 iuge.

347 3317 515 3400 Indignote
528 3318 620 3382 melis
633 3338 723 3382 mene
737 3322 786 3382 est
799 3319 1013 3395 succumbere,
1028 3337 1121 3402 seque

384 3416 542 3499 praestitit
554 3416 706 3479 invictum
722 3415 842 3479 viribus
857 3435 912 3478 use
925 3415 1004 3494 euie;

347 3513 522 3596 oblitusque
535 3514 598 3578 mei
612 3514 788 3596 ductaeque
801 3533 859 3596 per
872 3513 938 3577 otie
950 3513 1033 3577 sites

384 3610 511 3675 insolite
524 3611 594 3694 cepi
608 3611 759 3694 temporie
772 3631 860 3675 unse
873 3631 983 3674 menn.

347 3707 467 3791 Totque
481 3707 543 3771 tuli
557 3711 642 3772 terre
654 3727 744 3772 cesus
756 3707 943 3792 pelagoque,
959 3707 1044 3790 quod
1056 3706 1140 3772 iuter

385 3807 545 3870 occultum
558 3806 667 3871 stelles
681 3806 950 3890 conspicuumque
962 3806 1081 3888 polnnu

347 3903 443 3968 Tecto
455 3904 535 3968 mihi
552 3905 680 3970 tandem
693 3904 798 3988 longis
812 3904 969 3969 erroribus
982 3907 1053 3968 uoto

387 4001 495 4067 iuncte
507 4002 698 4088 pharetratis
712 4001 864 4069 Sarmatis
877 4022 931 4068 ore
946 4001 1044 4067 Getis.
