<?xml version="1.0" encoding="UTF-8"?>
<!DOCTYPE html PUBLIC "-//W3C//DTD XHTML 1.0 Transitional//EN"
    "http://www.w3.org/TR/xhtml1/DTD/xhtml1-transitional.dtd">
<html xmlns="http://www.w3.org/1999/xhtml" xml:lang="en" lang="en">
 <head>
  <title>
</title>
<meta http-equiv="Content-Type" content="text/html;charset=utf-8" />
  <meta name='ocr-system' content='tesseract 3.04.00' />
  <meta name='ocr-capabilities' content='ocr_page ocr_carea ocr_par ocr_line ocrx_word'/>
</head>
<body>
  <div class='ocr_page' id='page_1' title='image "./selectionsfromo00andegoog_0075.png"; bbox 0 0 3322 4462; ppageno 0'>
   <div class='ocr_carea' id='block_1_1' title="bbox 229 222 1119 304">
    <p class='ocr_par' dir='ltr' id='par_1_1' title="bbox 229 222 1119 304">
     <span class='ocr_line' id='line_1_1' title="bbox 229 222 1119 304; baseline -0.009 -19"><span class='ocrx_word' id='word_1_1' title='bbox 229 222 268 304; x_wconf 83' lang='lat'><strong>58</strong></span> <span class='ocrx_word' id='word_1_2' title='bbox 421 232 450 281; x_wconf 81' lang='lat' dir='ltr'><strong>r.</strong></span> <span class='ocrx_word' id='word_1_3' title='bbox 477 223 592 279; x_wconf 84' lang='lat' dir='ltr'><strong>ovmn</strong></span> <span class='ocrx_word' id='word_1_4' title='bbox 613 229 763 279; x_wconf 73' lang='lat' dir='ltr'><strong>ursoms</strong></span> <span class='ocrx_word' id='word_1_5' title='bbox 783 229 941 279; x_wconf 75' lang='lat' dir='ltr'><strong>cerense</strong></span> <span class='ocrx_word' id='word_1_6' title='bbox 962 228 1119 279; x_wconf 74' lang='lat' dir='ltr'><strong>sunnone.</strong></span> 
     </span>
    </p>
   </div>
   <div class='ocr_carea' id='block_1_2' title="bbox 449 463 1094 690">
    <p class='ocr_par' dir='ltr' id='par_1_2' title="bbox 449 463 1094 690">
     <span class='ocr_line' id='line_1_2' title="bbox 449 463 1094 534; baseline 0.012 -8"><span class='ocrx_word' id='word_1_7' title='bbox 449 467 479 529; x_wconf 84' lang='grc'><strong>6.</strong></span> <span class='ocrx_word' id='word_1_8' title='bbox 520 463 551 526; x_wconf 79' lang='lat' dir='ltr'><strong><em>A</em></strong></span> <span class='ocrx_word' id='word_1_9' title='bbox 584 463 804 528; x_wconf 68' lang='lat' dir='ltr'><strong>Dauum</strong></span> <span class='ocrx_word' id='word_1_10' title='bbox 838 464 899 529; x_wconf 74' lang='lat' dir='ltr'><strong>OF</strong></span> <span class='ocrx_word' id='word_1_11' title='bbox 926 464 1094 534; x_wconf 65' lang='lat' dir='ltr'><strong>Pouet&lt;</strong></span> 
     </span>
     <span class='ocr_line' id='line_1_3' title="bbox 681 631 859 690; baseline 0.011 -2"><span class='ocrx_word' id='word_1_12' title='bbox 681 642 789 688; x_wconf 75' lang='lat' dir='ltr'><strong>nnn</strong></span> <span class='ocrx_word' id='word_1_13' title='bbox 812 631 859 690; x_wconf 82' lang='lat'><strong>15.</strong></span> 
     </span>
    </p>
   </div>
   <div class='ocr_carea' id='block_1_3' title="bbox 217 785 1148 4086">
    <p class='ocr_par' dir='ltr' id='par_1_3' title="bbox 230 785 1009 971">
     <span class='ocr_line' id='line_1_4' title="bbox 230 785 1009 868; baseline -0.006 -13"><span class='ocrx_word' id='word_1_14' title='bbox 230 790 315 868; x_wconf 83' lang='lat' dir='ltr'><strong>Quid</strong></span> <span class='ocrx_word' id='word_1_15' title='bbox 328 788 419 866; x_wconf 90' lang='lat' dir='ltr'><strong>mihi,</strong></span> <span class='ocrx_word' id='word_1_16' title='bbox 435 788 532 852; x_wconf 82' lang='lat' dir='ltr'><strong>Livor</strong></span> <span class='ocrx_word' id='word_1_17' title='bbox 545 789 635 864; x_wconf 81' lang='lat' dir='ltr'><strong>eder,</strong></span> <span class='ocrx_word' id='word_1_18' title='bbox 652 785 780 868; x_wconf 79' lang='lat' dir='ltr'><strong>ignaros</strong></span> <span class='ocrx_word' id='word_1_19' title='bbox 792 787 887 851; x_wconf 83' lang='lat' dir='ltr'><strong>obicis</strong></span> <span class='ocrx_word' id='word_1_20' title='bbox 899 807 1009 863; x_wconf 87' lang='lat' dir='ltr'><strong>annos,</strong></span> 
     </span>
     <span class='ocr_line' id='line_1_5' title="bbox 269 884 932 971; baseline -0.005 -20"><span class='ocrx_word' id='word_1_21' title='bbox 269 887 452 971; x_wconf 78' lang='lat' dir='ltr'><strong>ingeniique</strong></span> <span class='ocrx_word' id='word_1_22' title='bbox 465 905 556 949; x_wconf 85' lang='lat' dir='ltr'><strong>voees</strong></span> <span class='ocrx_word' id='word_1_23' title='bbox 569 904 696 948; x_wconf 74' lang='lat' dir='ltr'><strong>carmen</strong></span> <span class='ocrx_word' id='word_1_24' title='bbox 709 884 819 948; x_wconf 90' lang='lat' dir='ltr'><strong>inertis</strong></span> <span class='ocrx_word' id='word_1_25' title='bbox 831 887 932 968; x_wconf 79' lang='lat' dir='ltr'><strong>opus?</strong></span> 
     </span>
    </p>

    <p class='ocr_par' dir='ltr' id='par_1_4' title="bbox 228 983 1099 1168">
     <span class='ocr_line' id='line_1_6' title="bbox 228 983 1099 1068; baseline -0.001 -20"><span class='ocrx_word' id='word_1_26' title='bbox 228 1005 296 1050; x_wconf 86' lang='lat' dir='ltr'><strong>non</strong></span> <span class='ocrx_word' id='word_1_27' title='bbox 308 1006 359 1049; x_wconf 90' lang='lat' dir='ltr'><strong>me</strong></span> <span class='ocrx_word' id='word_1_28' title='bbox 373 1005 459 1049; x_wconf 90' lang='lat' dir='ltr'><strong>more</strong></span> <span class='ocrx_word' id='word_1_29' title='bbox 472 987 612 1068; x_wconf 83' lang='lat' dir='ltr'><strong>patrum,</strong></span> <span class='ocrx_word' id='word_1_30' title='bbox 627 983 707 1046; x_wconf 89' lang='lat' dir='ltr'><strong>dum</strong></span> <span class='ocrx_word' id='word_1_31' title='bbox 720 986 845 1046; x_wconf 86' lang='lat' dir='ltr'><strong>strenua</strong></span> <span class='ocrx_word' id='word_1_32' title='bbox 857 983 992 1046; x_wconf 85' lang='lat' dir='ltr'><strong>sustinet</strong></span> <span class='ocrx_word' id='word_1_33' title='bbox 1004 987 1099 1061; x_wconf 85' lang='lat' dir='ltr'><strong>estas,</strong></span> 
     </span>
     <span class='ocr_line' id='line_1_7' title="bbox 269 1081 895 1168; baseline -0.01 -20"><span class='ocrx_word' id='word_1_34' title='bbox 269 1083 410 1168; x_wconf 88' lang='lat' dir='ltr'><strong>praemia</strong></span> <span class='ocrx_word' id='word_1_35' title='bbox 421 1082 554 1146; x_wconf 74' lang='lat' dir='ltr'><strong>militiae</strong></span> <span class='ocrx_word' id='word_1_36' title='bbox 567 1081 787 1164; x_wconf 84' lang='lat' dir='ltr'><strong>pulverulenta</strong></span> <span class='ocrx_word' id='word_1_37' title='bbox 799 1081 895 1163; x_wconf 89' lang='lat' dir='ltr'><strong>sequi,</strong></span> 
     </span>
    </p>

    <p class='ocr_par' dir='ltr' id='par_1_5' title="bbox 229 1176 899 1363">
     <span class='ocr_line' id='line_1_8' title="bbox 229 1176 899 1263; baseline -0.004 -19"><span class='ocrx_word' id='word_1_38' title='bbox 229 1176 288 1246; x_wconf 86' lang='lat' dir='ltr'><strong>neo</strong></span> <span class='ocrx_word' id='word_1_39' title='bbox 301 1201 352 1246; x_wconf 92' lang='lat' dir='ltr'><strong>me</strong></span> <span class='ocrx_word' id='word_1_40' title='bbox 366 1181 508 1245; x_wconf 80' lang='lat' dir='ltr'><strong>verbosas</strong></span> <span class='ocrx_word' id='word_1_41' title='bbox 521 1181 605 1263; x_wconf 81' lang='lat' dir='ltr'><strong>leges</strong></span> <span class='ocrx_word' id='word_1_42' title='bbox 618 1179 763 1255; x_wconf 77' lang='lat' dir='ltr'><strong>ediscere,</strong></span> <span class='ocrx_word' id='word_1_43' title='bbox 779 1197 836 1259; x_wconf 85' lang='lat' dir='ltr'><strong>neo</strong></span> <span class='ocrx_word' id='word_1_44' title='bbox 848 1199 899 1242; x_wconf 91' lang='lat' dir='ltr'><strong>me</strong></span> 
     </span>
     <span class='ocr_line' id='line_1_9' title="bbox 269 1276 818 1363; baseline -0.007 -20"><span class='ocrx_word' id='word_1_45' title='bbox 269 1279 396 1363; x_wconf 77' lang='lat' dir='ltr'><strong>ingrato</strong></span> <span class='ocrx_word' id='word_1_46' title='bbox 410 1300 517 1343; x_wconf 85' lang='lat' dir='ltr'><strong>voeem</strong></span> <span class='ocrx_word' id='word_1_47' title='bbox 530 1276 728 1362; x_wconf 83' lang='lat' dir='ltr'><strong>prostituisse</strong></span> <span class='ocrx_word' id='word_1_48' title='bbox 739 1278 818 1341; x_wconf 80' lang='lat' dir='ltr'><strong>iero.</strong></span> 
     </span>
    </p>

    <p class='ocr_par' dir='ltr' id='par_1_6' title="bbox 230 1373 1148 1560">
     <span class='ocr_line' id='line_1_10' title="bbox 230 1373 1148 1460; baseline -0.005 -18"><span class='ocrx_word' id='word_1_49' title='bbox 230 1377 364 1442; x_wconf 87' lang='lat' dir='ltr'><strong>Mortale</strong></span> <span class='ocrx_word' id='word_1_50' title='bbox 377 1380 434 1454; x_wconf 88' lang='lat' dir='ltr'><strong>est,</strong></span> <span class='ocrx_word' id='word_1_51' title='bbox 452 1377 536 1460; x_wconf 90' lang='lat' dir='ltr'><strong>qnod</strong></span> <span class='ocrx_word' id='word_1_52' title='bbox 550 1374 683 1459; x_wconf 74' lang='lat' dir='ltr'><strong>quaeris,</strong></span> <span class='ocrx_word' id='word_1_53' title='bbox 699 1395 790 1458; x_wconf 87' lang='lat' dir='ltr'><strong>opus:</strong></span> <span class='ocrx_word' id='word_1_54' title='bbox 810 1373 890 1438; x_wconf 91' lang='lat' dir='ltr'><strong>mihi</strong></span> <span class='ocrx_word' id='word_1_55' title='bbox 902 1374 988 1438; x_wconf 78' lang='lat' dir='ltr'><strong>fama</strong></span> <span class='ocrx_word' id='word_1_56' title='bbox 1000 1375 1148 1457; x_wconf 88' lang='lat' dir='ltr'><strong>perennis</strong></span> 
     </span>
     <span class='ocr_line' id='line_1_11' title="bbox 270 1474 959 1560; baseline -0.006 -20"><span class='ocrx_word' id='word_1_57' title='bbox 270 1475 442 1560; x_wconf 86' lang='lat' dir='ltr'><strong>quaeritur,</strong></span> <span class='ocrx_word' id='word_1_58' title='bbox 458 1475 494 1539; x_wconf 89' lang='lat' dir='ltr'><strong>in</strong></span> <span class='ocrx_word' id='word_1_59' title='bbox 507 1479 576 1538; x_wconf 84' lang='lat' dir='ltr'><strong>toto</strong></span> <span class='ocrx_word' id='word_1_60' title='bbox 590 1494 711 1557; x_wconf 79' lang='lat' dir='ltr'><strong>semper</strong></span> <span class='ocrx_word' id='word_1_61' title='bbox 723 1477 762 1537; x_wconf 90' lang='lat' dir='ltr'><strong>nt</strong></span> <span class='ocrx_word' id='word_1_62' title='bbox 773 1474 845 1537; x_wconf 89' lang='lat' dir='ltr'><strong>orbe</strong></span> <span class='ocrx_word' id='word_1_63' title='bbox 858 1493 959 1536; x_wconf 86' lang='lat' dir='ltr'><strong>esnar.</strong></span> 
     </span>
    </p>

    <p class='ocr_par' dir='ltr' id='par_1_7' title="bbox 229 1570 1015 1751">
     <span class='ocr_line' id='line_1_12' title="bbox 229 1570 1015 1648; baseline -0.008 -10"><span class='ocrx_word' id='word_1_64' title='bbox 229 1573 326 1638; x_wconf 85' lang='lat' dir='ltr'><strong>Vivet</strong></span> <span class='ocrx_word' id='word_1_65' title='bbox 340 1572 531 1648; x_wconf 86' lang='lat' dir='ltr'><strong>Maeonides,</strong></span> <span class='ocrx_word' id='word_1_66' title='bbox 547 1572 693 1635; x_wconf 80' lang='lat' dir='ltr'><strong>Tenedos</strong></span> <span class='ocrx_word' id='word_1_67' title='bbox 705 1571 782 1633; x_wconf 87' lang='lat' dir='ltr'><strong>dnm</strong></span> <span class='ocrx_word' id='word_1_68' title='bbox 794 1570 889 1634; x_wconf 81' lang='lat' dir='ltr'><strong>stabit</strong></span> <span class='ocrx_word' id='word_1_69' title='bbox 901 1574 934 1634; x_wconf 92' lang='lat' dir='ltr'><strong>et</strong></span> <span class='ocrx_word' id='word_1_70' title='bbox 946 1570 1015 1646; x_wconf 91' lang='lat' dir='ltr'><strong>Ide,</strong></span> 
     </span>
     <span class='ocr_line' id='line_1_13' title="bbox 270 1667 994 1751; baseline -0.004 -18"><span class='ocrx_word' id='word_1_71' title='bbox 270 1670 349 1733; x_wconf 91' lang='lat' dir='ltr'><strong>dum</strong></span> <span class='ocrx_word' id='word_1_72' title='bbox 362 1669 488 1751; x_wconf 87' lang='lat' dir='ltr'><strong>rapidas</strong></span> <span class='ocrx_word' id='word_1_73' title='bbox 502 1669 617 1732; x_wconf 85' lang='lat' dir='ltr'><strong>Simois</strong></span> <span class='ocrx_word' id='word_1_74' title='bbox 630 1667 666 1730; x_wconf 91' lang='lat' dir='ltr'><strong>in</strong></span> <span class='ocrx_word' id='word_1_75' title='bbox 679 1687 764 1731; x_wconf 81' lang='lat' dir='ltr'><strong>mare</strong></span> <span class='ocrx_word' id='word_1_76' title='bbox 775 1667 879 1731; x_wconf 79' lang='lat' dir='ltr'><strong>volvet</strong></span> <span class='ocrx_word' id='word_1_77' title='bbox 891 1687 994 1749; x_wconf 80' lang='lat' dir='ltr'><strong>aquas</strong></span> 
     </span>
    </p>

    <p class='ocr_par' dir='ltr' id='par_1_8' title="bbox 230 1763 1076 1942">
     <span class='ocr_line' id='line_1_14' title="bbox 230 1763 1005 1842; baseline -0.008 -11"><span class='ocrx_word' id='word_1_78' title='bbox 230 1766 328 1831; x_wconf 82' lang='lat' dir='ltr'><strong>Vivet</strong></span> <span class='ocrx_word' id='word_1_79' title='bbox 340 1768 373 1829; x_wconf 91' lang='lat' dir='ltr'><strong>et</strong></span> <span class='ocrx_word' id='word_1_80' title='bbox 383 1765 552 1842; x_wconf 82' lang='lat' dir='ltr'><strong>¹Aseraeus,</strong></span> <span class='ocrx_word' id='word_1_81' title='bbox 568 1767 647 1828; x_wconf 92' lang='lat' dir='ltr'><strong>dum</strong></span> <span class='ocrx_word' id='word_1_82' title='bbox 660 1764 773 1828; x_wconf 83' lang='lat' dir='ltr'><strong>mustis</strong></span> <span class='ocrx_word' id='word_1_83' title='bbox 783 1785 846 1828; x_wconf 83' lang='lat' dir='ltr'><strong>nra</strong></span> <span class='ocrx_word' id='word_1_84' title='bbox 858 1763 1005 1840; x_wconf 83' lang='lat' dir='ltr'><strong>tumebit,</strong></span> 
     </span>
     <span class='ocr_line' id='line_1_15' title="bbox 270 1862 1076 1942; baseline -0.002 -16"><span class='ocrx_word' id='word_1_85' title='bbox 270 1864 349 1927; x_wconf 88' lang='lat' dir='ltr'><strong>dum</strong></span> <span class='ocrx_word' id='word_1_86' title='bbox 362 1864 454 1928; x_wconf 86' lang='lat' dir='ltr'><strong>oadet</strong></span> <span class='ocrx_word' id='word_1_87' title='bbox 466 1862 599 1926; x_wconf 79' lang='lat' dir='ltr'><strong>incurva</strong></span> <span class='ocrx_word' id='word_1_88' title='bbox 611 1863 693 1925; x_wconf 79' lang='lat' dir='ltr'><strong>faloe</strong></span> <span class='ocrx_word' id='word_1_89' title='bbox 706 1865 821 1926; x_wconf 84' lang='lat' dir='ltr'><strong>reseeta</strong></span> <span class='ocrx_word' id='word_1_90' title='bbox 835 1862 935 1926; x_wconf 82' lang='lat' dir='ltr'><strong>Oetes.</strong></span> <span class='ocrx_word' id='word_1_91' title='bbox 1072 1917 1076 1942; x_wconf 58' lang='lat'><strong>:</strong></span> 
     </span>
    </p>

    <p class='ocr_par' dir='ltr' id='par_1_9' title="bbox 218 1959 899 2055">
     <span class='ocr_line' id='line_1_16' title="bbox 218 1959 899 2055; baseline -0.001 -31"><span class='ocrx_word' id='word_1_92' title='bbox 218 1961 393 2055; x_wconf 58' lang='lat' dir='ltr'><strong>{Battiades</strong></span> <span class='ocrx_word' id='word_1_93' title='bbox 406 1971 529 2043; x_wconf 87' lang='lat' dir='ltr'><strong>semper</strong></span> <span class='ocrx_word' id='word_1_94' title='bbox 541 1963 609 2024; x_wconf 91' lang='lat' dir='ltr'><strong>toto</strong></span> <span class='ocrx_word' id='word_1_95' title='bbox 622 1959 801 2023; x_wconf 76' lang='lat' dir='ltr'><strong>cantabitur</strong></span> <span class='ocrx_word' id='word_1_96' title='bbox 812 1959 899 2038; x_wconf 87' lang='lat' dir='ltr'><strong>orbe;</strong></span> 
     </span>
    </p>

    <p class='ocr_par' dir='ltr' id='par_1_10' title="bbox 217 2053 938 2142">
     <span class='ocr_line' id='line_1_17' title="bbox 217 2053 938 2142; baseline -0.004 -19"><span class='ocrx_word' id='word_1_97' title='bbox 217 2076 220 2106; x_wconf 74' lang='lat'>⁶</span> <span class='ocrx_word' id='word_1_98' title='bbox 271 2057 413 2142; x_wconf 82' lang='lat' dir='ltr'><strong>quamvis</strong></span> <span class='ocrx_word' id='word_1_99' title='bbox 426 2058 555 2142; x_wconf 83' lang='lat' dir='ltr'><strong>ingenio</strong></span> <span class='ocrx_word' id='word_1_100' title='bbox 568 2077 634 2122; x_wconf 89' lang='lat' dir='ltr'><strong>non</strong></span> <span class='ocrx_word' id='word_1_101' title='bbox 647 2057 740 2134; x_wconf 85' lang='lat' dir='ltr'><strong>valet,</strong></span> <span class='ocrx_word' id='word_1_102' title='bbox 755 2060 821 2120; x_wconf 88' lang='lat' dir='ltr'><strong>arte</strong></span> <span class='ocrx_word' id='word_1_103' title='bbox 833 2053 938 2120; x_wconf 58' lang='lat' dir='ltr'><strong>valet*</strong></span> 
     </span>
    </p>

    <p class='ocr_par' dir='ltr' id='par_1_11' title="bbox 229 2154 945 2335">
     <span class='ocr_line' id='line_1_18' title="bbox 229 2154 945 2238; baseline -0.004 -18"><span class='ocrx_word' id='word_1_104' title='bbox 229 2156 330 2221; x_wconf 85' lang='lat' dir='ltr'><strong>Nulla</strong></span> <span class='ocrx_word' id='word_1_105' title='bbox 343 2155 517 2238; x_wconf 79' lang='lat' dir='ltr'><strong>Sophocleo</strong></span> <span class='ocrx_word' id='word_1_106' title='bbox 530 2156 637 2220; x_wconf 81' lang='lat' dir='ltr'><strong>veniet</strong></span> <span class='ocrx_word' id='word_1_107' title='bbox 650 2154 770 2218; x_wconf 88' lang='lat' dir='ltr'><strong>iaetnra</strong></span> <span class='ocrx_word' id='word_1_108' title='bbox 781 2155 945 2218; x_wconf 88' lang='lat' dir='ltr'><strong>eothumo.</strong></span> 
     </span>
     <span class='ocr_line' id='line_1_19' title="bbox 272 2252 913 2335; baseline -0.003 -17"><span class='ocrx_word' id='word_1_109' title='bbox 272 2254 354 2318; x_wconf 81' lang='lat' dir='ltr'><strong>(ium</strong></span> <span class='ocrx_word' id='word_1_110' title='bbox 367 2254 431 2317; x_wconf 90' lang='lat' dir='ltr'><strong>sole</strong></span> <span class='ocrx_word' id='word_1_111' title='bbox 444 2256 478 2316; x_wconf 91' lang='lat' dir='ltr'><strong>et</strong></span> <span class='ocrx_word' id='word_1_112' title='bbox 490 2253 568 2316; x_wconf 89' lang='lat' dir='ltr'><strong>luna</strong></span> <span class='ocrx_word' id='word_1_113' title='bbox 581 2272 704 2335; x_wconf 88' lang='lat' dir='ltr'><strong>semper</strong></span> <span class='ocrx_word' id='word_1_114' title='bbox 716 2253 832 2315; x_wconf 87' lang='lat' dir='ltr'><strong>Aratus</strong></span> <span class='ocrx_word' id='word_1_115' title='bbox 844 2252 913 2316; x_wconf 87' lang='lat' dir='ltr'><strong>erit.</strong></span> 
     </span>
    </p>

    <p class='ocr_par' dir='ltr' id='par_1_12' title="bbox 230 2349 1030 2522">
     <span class='ocr_line' id='line_1_20' title="bbox 230 2349 1030 2431; baseline -0.001 -17"><span class='ocrx_word' id='word_1_116' title='bbox 230 2351 319 2414; x_wconf 90' lang='lat' dir='ltr'><strong>Dum</strong></span> <span class='ocrx_word' id='word_1_117' title='bbox 332 2350 430 2414; x_wconf 78' lang='lat' dir='ltr'><strong>tellax</strong></span> <span class='ocrx_word' id='word_1_118' title='bbox 443 2370 561 2427; x_wconf 86' lang='lat' dir='ltr'><strong>servus,</strong></span> <span class='ocrx_word' id='word_1_119' title='bbox 576 2351 677 2413; x_wconf 83' lang='lat' dir='ltr'><strong>durus</strong></span> <span class='ocrx_word' id='word_1_120' title='bbox 689 2352 788 2431; x_wconf 84' lang='lat' dir='ltr'><strong>pater,</strong></span> <span class='ocrx_word' id='word_1_121' title='bbox 803 2349 1030 2430; x_wconf 75' lang='lat' dir='ltr'><strong>improbarem</strong></span> 
     </span>
     <span class='ocr_line' id='line_1_21' title="bbox 270 2447 1013 2522; baseline -0.003 -10"><span class='ocrx_word' id='word_1_122' title='bbox 270 2448 379 2512; x_wconf 78' lang='lat' dir='ltr'><strong>vivent</strong></span> <span class='ocrx_word' id='word_1_123' title='bbox 391 2450 424 2511; x_wconf 86' lang='lat' dir='ltr'><strong>et</strong></span> <span class='ocrx_word' id='word_1_124' title='bbox 437 2447 587 2511; x_wconf 76' lang='lat' dir='ltr'><strong>meretrix</strong></span> <span class='ocrx_word' id='word_1_125' title='bbox 600 2447 727 2522; x_wconf 86' lang='lat' dir='ltr'><strong>blande,</strong></span> <span class='ocrx_word' id='word_1_126' title='bbox 743 2447 930 2510; x_wconf 74' lang='lat' dir='ltr'><strong>Menandros</strong></span> <span class='ocrx_word' id='word_1_127' title='bbox 943 2447 1013 2510; x_wconf 80' lang='lat' dir='ltr'><strong>erit</strong></span> 
     </span>
    </p>

    <p class='ocr_par' dir='ltr' id='par_1_13' title="bbox 230 2542 989 2722">
     <span class='ocr_line' id='line_1_22' title="bbox 230 2542 989 2627; baseline -0.005 -19"><span class='ocrx_word' id='word_1_128' title='bbox 230 2545 356 2608; x_wconf 83' lang='lat' dir='ltr'><strong>Ennius</strong></span> <span class='ocrx_word' id='word_1_129' title='bbox 368 2546 437 2608; x_wconf 86' lang='lat' dir='ltr'><strong>erte</strong></span> <span class='ocrx_word' id='word_1_130' title='bbox 449 2564 568 2620; x_wconf 83' lang='lat' dir='ltr'><strong>carens,</strong></span> <span class='ocrx_word' id='word_1_131' title='bbox 584 2543 778 2627; x_wconf 83' lang='lat' dir='ltr'><strong>animosique</strong></span> <span class='ocrx_word' id='word_1_132' title='bbox 790 2542 904 2607; x_wconf 81' lang='lat' dir='ltr'><strong>Aesius</strong></span> <span class='ocrx_word' id='word_1_133' title='bbox 916 2543 989 2617; x_wconf 87' lang='lat' dir='ltr'><strong>oris,</strong></span> 
     </span>
     <span class='ocr_line' id='line_1_23' title="bbox 269 2639 940 2722; baseline -0.004 -17"><span class='ocrx_word' id='word_1_134' title='bbox 269 2660 417 2705; x_wconf 86' lang='lat' dir='ltr'><strong>eesurnm</strong></span> <span class='ocrx_word' id='word_1_135' title='bbox 429 2641 520 2704; x_wconf 84' lang='lat' dir='ltr'><strong>nulio</strong></span> <span class='ocrx_word' id='word_1_136' title='bbox 534 2644 675 2722; x_wconf 88' lang='lat' dir='ltr'><strong>tempore</strong></span> <span class='ocrx_word' id='word_1_137' title='bbox 688 2659 803 2703; x_wconf 89' lang='lat' dir='ltr'><strong>nomen</strong></span> <span class='ocrx_word' id='word_1_138' title='bbox 814 2639 940 2703; x_wconf 83' lang='lat' dir='ltr'><strong>habent</strong></span> 
     </span>
    </p>

    <p class='ocr_par' dir='ltr' id='par_1_14' title="bbox 230 2736 1059 2918">
     <span class='ocr_line' id='line_1_24' title="bbox 230 2736 1059 2820; baseline -0.005 -16"><span class='ocrx_word' id='word_1_139' title='bbox 230 2739 407 2804; x_wconf 89' lang='lat' dir='ltr'><strong>Varronem</strong></span> <span class='ocrx_word' id='word_1_140' title='bbox 419 2737 618 2820; x_wconf 85' lang='lat' dir='ltr'><strong>primamque</strong></span> <span class='ocrx_word' id='word_1_141' title='bbox 630 2740 731 2800; x_wconf 85' lang='lat' dir='ltr'><strong>ratem</strong></span> <span class='ocrx_word' id='word_1_142' title='bbox 745 2757 822 2820; x_wconf 90' lang='lat' dir='ltr'><strong>quae</strong></span> <span class='ocrx_word' id='word_1_143' title='bbox 834 2736 951 2800; x_wconf 78' lang='lat' dir='ltr'><strong>nesciet</strong></span> <span class='ocrx_word' id='word_1_144' title='bbox 963 2739 1059 2812; x_wconf 80' lang='lat' dir='ltr'><strong>aetus,</strong></span> 
     </span>
     <span class='ocr_line' id='line_1_25' title="bbox 271 2831 902 2918; baseline -0.005 -18"><span class='ocrx_word' id='word_1_145' title='bbox 271 2855 428 2918; x_wconf 87' lang='lat' dir='ltr'><strong>aureaque</strong></span> <span class='ocrx_word' id='word_1_146' title='bbox 442 2835 579 2899; x_wconf 84' lang='lat' dir='ltr'><strong>Aesonio</strong></span> <span class='ocrx_word' id='word_1_147' title='bbox 592 2840 682 2917; x_wconf 81' lang='lat' dir='ltr'><strong>terge</strong></span> <span class='ocrx_word' id='word_1_148' title='bbox 693 2831 793 2918; x_wconf 83' lang='lat' dir='ltr'><strong>petita</strong></span> <span class='ocrx_word' id='word_1_149' title='bbox 805 2834 902 2898; x_wconf 83' lang='lat' dir='ltr'><strong>duni?</strong></span> 
     </span>
    </p>

    <p class='ocr_par' dir='ltr' id='par_1_15' title="bbox 233 2931 1024 3096">
     <span class='ocr_line' id='line_1_26' title="bbox 233 2931 1024 3015; baseline -0.004 -18"><span class='ocrx_word' id='word_1_150' title='bbox 233 2935 382 2998; x_wconf 77' lang='lat' dir='ltr'><strong>Carmina</strong></span> <span class='ocrx_word' id='word_1_151' title='bbox 394 2933 539 2996; x_wconf 88' lang='lat' dir='ltr'><strong>sublimis</strong></span> <span class='ocrx_word' id='word_1_152' title='bbox 553 2937 632 2996; x_wconf 89' lang='lat' dir='ltr'><strong>tune</strong></span> <span class='ocrx_word' id='word_1_153' title='bbox 645 2936 722 2995; x_wconf 88' lang='lat' dir='ltr'><strong>sunt</strong></span> <span class='ocrx_word' id='word_1_154' title='bbox 734 2933 872 3015; x_wconf 87' lang='lat' dir='ltr'><strong>peritura</strong></span> <span class='ocrx_word' id='word_1_155' title='bbox 884 2931 1024 3007; x_wconf 75' lang='lat' dir='ltr'><strong>Lucreti,</strong></span> 
     </span>
     <span class='ocr_line' id='line_1_27' title="bbox 271 3029 834 3096; baseline -0.007 0"><span class='ocrx_word' id='word_1_156' title='bbox 271 3031 368 3096; x_wconf 81' lang='lat' dir='ltr'><strong>exitio</strong></span> <span class='ocrx_word' id='word_1_157' title='bbox 382 3033 481 3093; x_wconf 83' lang='lat' dir='ltr'><strong>terras</strong></span> <span class='ocrx_word' id='word_1_158' title='bbox 494 3050 567 3094; x_wconf 87' lang='lat' dir='ltr'><strong>eum</strong></span> <span class='ocrx_word' id='word_1_159' title='bbox 581 3029 671 3094; x_wconf 88' lang='lat' dir='ltr'><strong>dabit</strong></span> <span class='ocrx_word' id='word_1_160' title='bbox 684 3049 748 3092; x_wconf 88' lang='lat' dir='ltr'><strong>nna</strong></span> <span class='ocrx_word' id='word_1_161' title='bbox 760 3029 834 3092; x_wconf 85' lang='lat' dir='ltr'><strong>dies.</strong></span> 
     </span>
    </p>

    <p class='ocr_par' dir='ltr' id='par_1_16' title="bbox 232 3126 996 3307">
     <span class='ocr_line' id='line_1_28' title="bbox 232 3126 996 3210; baseline -0.004 -20"><span class='ocrx_word' id='word_1_162' title='bbox 232 3127 363 3210; x_wconf 75' lang='lat' dir='ltr'><strong>Tityrus</strong></span> <span class='ocrx_word' id='word_1_163' title='bbox 376 3130 410 3192; x_wconf 91' lang='lat' dir='ltr'><strong>et</strong></span> <span class='ocrx_word' id='word_1_164' title='bbox 422 3128 534 3209; x_wconf 75' lang='lat' dir='ltr'><strong>druges</strong></span> <span class='ocrx_word' id='word_1_165' title='bbox 546 3127 730 3209; x_wconf 75' lang='lat' dir='ltr'><strong>Aeneiaque</strong></span> <span class='ocrx_word' id='word_1_166' title='bbox 743 3147 828 3190; x_wconf 88' lang='lat' dir='ltr'><strong>arma</strong></span> <span class='ocrx_word' id='word_1_167' title='bbox 839 3126 996 3208; x_wconf 86' lang='lat' dir='ltr'><strong>legentur,</strong></span> 
     </span>
     <span class='ocr_line' id='line_1_29' title="bbox 272 3213 954 3307; baseline -0.004 -19"><span class='ocrx_word' id='word_1_168' title='bbox 272 3226 373 3288; x_wconf 87' lang='lat' dir='ltr'><strong>Roma</strong></span> <span class='ocrx_word' id='word_1_169' title='bbox 385 3224 577 3307; x_wconf 80' lang='lat' dir='ltr'><strong>triumphati</strong></span> <span class='ocrx_word' id='word_1_170' title='bbox 590 3225 669 3287; x_wconf 88' lang='lat' dir='ltr'><strong>dnm</strong></span> <span class='ocrx_word' id='word_1_171' title='bbox 683 3213 778 3306; x_wconf 79' lang='lat' dir='ltr'><strong>eaput</strong></span> <span class='ocrx_word' id='word_1_172' title='bbox 790 3223 872 3287; x_wconf 89' lang='lat' dir='ltr'><strong>orbis</strong></span> <span class='ocrx_word' id='word_1_173' title='bbox 885 3222 954 3286; x_wconf 89' lang='lat' dir='ltr'><strong>erit.</strong></span> 
     </span>
    </p>

    <p class='ocr_par' dir='ltr' id='par_1_17' title="bbox 231 3319 1143 3495">
     <span class='ocr_line' id='line_1_30' title="bbox 231 3319 1143 3403; baseline 0.002 -18"><span class='ocrx_word' id='word_1_174' title='bbox 231 3322 342 3386; x_wconf 88' lang='lat' dir='ltr'><strong>Doneo</strong></span> <span class='ocrx_word' id='word_1_175' title='bbox 355 3325 451 3384; x_wconf 84' lang='lat' dir='ltr'><strong>eruut</strong></span> <span class='ocrx_word' id='word_1_176' title='bbox 464 3320 553 3403; x_wconf 86' lang='lat' dir='ltr'><strong>ignes</strong></span> <span class='ocrx_word' id='word_1_177' title='bbox 566 3340 718 3403; x_wconf 76' lang='lat' dir='ltr'><strong>arensque</strong></span> <span class='ocrx_word' id='word_1_178' title='bbox 733 3319 896 3402; x_wconf 76' lang='lat' dir='ltr'><strong>Cupidinis</strong></span> <span class='ocrx_word' id='word_1_179' title='bbox 908 3338 1006 3395; x_wconf 85' lang='lat' dir='ltr'><strong>erma,</strong></span> <span class='ocrx_word' id='word_1_180' title='bbox 1139 3377 1143 3387; x_wconf 89' lang='lat'><em>.</em></span> 
     </span>
     <span class='ocr_line' id='line_1_31' title="bbox 272 3416 906 3495; baseline -0.003 -13"><span class='ocrx_word' id='word_1_181' title='bbox 272 3419 435 3484; x_wconf 87' lang='lat' dir='ltr'><strong>disoentur</strong></span> <span class='ocrx_word' id='word_1_182' title='bbox 448 3418 584 3495; x_wconf 88' lang='lat' dir='ltr'><strong>numeri,</strong></span> <span class='ocrx_word' id='word_1_183' title='bbox 600 3419 686 3483; x_wconf 90' lang='lat' dir='ltr'><strong>eulte</strong></span> <span class='ocrx_word' id='word_1_184' title='bbox 700 3417 833 3494; x_wconf 76' lang='lat' dir='ltr'><strong>Tibulle,</strong></span> <span class='ocrx_word' id='word_1_185' title='bbox 849 3416 906 3480; x_wconf 87' lang='lat' dir='ltr'><strong>tui.</strong></span> 
     </span>
    </p>

    <p class='ocr_par' dir='ltr' id='par_1_18' title="bbox 232 3515 950 3693">
     <span class='ocr_line' id='line_1_32' title="bbox 232 3515 950 3599; baseline -0.006 -18"><span class='ocrx_word' id='word_1_186' title='bbox 232 3516 343 3581; x_wconf 80' lang='lat' dir='ltr'><strong>Gallus</strong></span> <span class='ocrx_word' id='word_1_187' title='bbox 356 3519 390 3580; x_wconf 90' lang='lat' dir='ltr'><strong>et</strong></span> <span class='ocrx_word' id='word_1_188' title='bbox 403 3515 575 3599; x_wconf 88' lang='lat' dir='ltr'><strong>Hesperiis,</strong></span> <span class='ocrx_word' id='word_1_189' title='bbox 591 3520 624 3581; x_wconf 88' lang='lat' dir='ltr'><strong>et</strong></span> <span class='ocrx_word' id='word_1_190' title='bbox 638 3515 747 3578; x_wconf 77' lang='lat' dir='ltr'><strong>Gallus</strong></span> <span class='ocrx_word' id='word_1_191' title='bbox 758 3518 851 3578; x_wconf 81' lang='lat' dir='ltr'><strong>notus</strong></span> <span class='ocrx_word' id='word_1_192' title='bbox 864 3515 950 3590; x_wconf 81' lang='lat' dir='ltr'><strong>Eois,</strong></span> 
     </span>
     <span class='ocr_line' id='line_1_33' title="bbox 271 3611 877 3693; baseline -0.005 -15"><span class='ocrx_word' id='word_1_193' title='bbox 271 3617 305 3678; x_wconf 92' lang='lat' dir='ltr'><strong>et</strong></span> <span class='ocrx_word' id='word_1_194' title='bbox 317 3633 374 3676; x_wconf 90' lang='lat' dir='ltr'><strong>sua</strong></span> <span class='ocrx_word' id='word_1_195' title='bbox 386 3632 461 3676; x_wconf 88' lang='lat' dir='ltr'><strong>eum</strong></span> <span class='ocrx_word' id='word_1_196' title='bbox 476 3613 567 3677; x_wconf 78' lang='lat' dir='ltr'><strong>Gallo</strong></span> <span class='ocrx_word' id='word_1_197' title='bbox 580 3616 658 3677; x_wconf 89' lang='lat' dir='ltr'><strong>nota</strong></span> <span class='ocrx_word' id='word_1_198' title='bbox 670 3611 797 3693; x_wconf 84' lang='lat' dir='ltr'><strong>Lyeoris</strong></span> <span class='ocrx_word' id='word_1_199' title='bbox 808 3611 877 3675; x_wconf 85' lang='lat' dir='ltr'><strong>erit.</strong></span> 
     </span>
    </p>

    <p class='ocr_par' dir='ltr' id='par_1_19' title="bbox 232 3706 994 3891">
     <span class='ocr_line' id='line_1_34' title="bbox 232 3706 994 3794; baseline -0.007 -19"><span class='ocrx_word' id='word_1_200' title='bbox 232 3712 318 3794; x_wconf 80' lang='lat' dir='ltr'><strong>Ergo</strong></span> <span class='ocrx_word' id='word_1_201' title='bbox 332 3731 406 3775; x_wconf 91' lang='lat' dir='ltr'><strong>oum</strong></span> <span class='ocrx_word' id='word_1_202' title='bbox 420 3711 532 3787; x_wconf 74' lang='lat' dir='ltr'><strong>silices,</strong></span> <span class='ocrx_word' id='word_1_203' title='bbox 549 3731 623 3774; x_wconf 88' lang='lat' dir='ltr'><strong>oum</strong></span> <span class='ocrx_word' id='word_1_204' title='bbox 636 3711 714 3773; x_wconf 89' lang='lat' dir='ltr'><strong>dens</strong></span> <span class='ocrx_word' id='word_1_205' title='bbox 727 3709 874 3791; x_wconf 84' lang='lat' dir='ltr'><strong>petientis</strong></span> <span class='ocrx_word' id='word_1_206' title='bbox 886 3706 994 3784; x_wconf 84' lang='lat' dir='ltr'><strong>aratri,</strong></span> 
     </span>
     <span class='ocr_line' id='line_1_35' title="bbox 272 3807 939 3891; baseline -0.004 -19"><span class='ocrx_word' id='word_1_207' title='bbox 272 3809 443 3891; x_wconf 89' lang='lat' dir='ltr'><strong>depereant</strong></span> <span class='ocrx_word' id='word_1_208' title='bbox 456 3807 541 3885; x_wconf 76' lang='lat' dir='ltr'><strong>eero,</strong></span> <span class='ocrx_word' id='word_1_209' title='bbox 558 3807 699 3872; x_wconf 84' lang='lat' dir='ltr'><strong>carmine</strong></span> <span class='ocrx_word' id='word_1_210' title='bbox 711 3809 811 3870; x_wconf 89' lang='lat' dir='ltr'><strong>morte</strong></span> <span class='ocrx_word' id='word_1_211' title='bbox 823 3809 939 3870; x_wconf 81' lang='lat' dir='ltr'><strong>nerent</strong></span> 
     </span>
    </p>

    <p class='ocr_par' dir='ltr' id='par_1_20' title="bbox 233 3903 1031 4086">
     <span class='ocr_line' id='line_1_36' title="bbox 233 3903 1031 3989; baseline -0.004 -19"><span class='ocrx_word' id='word_1_212' title='bbox 233 3906 356 3971; x_wconf 82' lang='lat' dir='ltr'><strong>Oedent</strong></span> <span class='ocrx_word' id='word_1_213' title='bbox 369 3906 562 3970; x_wconf 83' lang='lat' dir='ltr'><strong>carminibus</strong></span> <span class='ocrx_word' id='word_1_214' title='bbox 575 3925 664 3989; x_wconf 86' lang='lat' dir='ltr'><strong>reges</strong></span> <span class='ocrx_word' id='word_1_215' title='bbox 678 3925 846 3987; x_wconf 87' lang='lat' dir='ltr'><strong>regumque</strong></span> <span class='ocrx_word' id='word_1_216' title='bbox 860 3903 1031 3987; x_wconf 87' lang='lat' dir='ltr'><strong>triumphi:</strong></span> 
     </span>
     <span class='ocr_line' id='line_1_37' title="bbox 273 4002 885 4086; baseline -0.007 -18"><span class='ocrx_word' id='word_1_217' title='bbox 273 4005 364 4068; x_wconf 88' lang='lat' dir='ltr'><strong>oedat</strong></span> <span class='ocrx_word' id='word_1_218' title='bbox 377 4007 410 4068; x_wconf 88' lang='lat' dir='ltr'><strong>et</strong></span> <span class='ocrx_word' id='word_1_219' title='bbox 422 4003 552 4067; x_wconf 76' lang='lat' dir='ltr'><strong>auriferi</strong></span> <span class='ocrx_word' id='word_1_220' title='bbox 566 4003 637 4086; x_wconf 88' lang='lat' dir='ltr'><strong>ripa</strong></span> <span class='ocrx_word' id='word_1_221' title='bbox 649 4002 786 4084; x_wconf 80' lang='lat' dir='ltr'><strong>benigna</strong></span> <span class='ocrx_word' id='word_1_222' title='bbox 797 4002 885 4082; x_wconf 83' lang='lat' dir='ltr'><strong>Tegi.</strong></span> 
     </span>
    </p>
   </div>
   <div class='ocr_carea' id='block_1_4' title="bbox 0 0 1671 4462">
    <p class='ocr_par' dir='ltr' id='par_1_21' title="bbox 0 0 1671 4462">
     <span class='ocr_line' id='line_1_38' title="bbox 0 0 1671 4462; baseline 0 0"><span class='ocrx_word' id='word_1_223' title='bbox 0 0 1671 4462; x_wconf 95' lang='lat' dir='ltr'><strong> </strong></span> 
     </span>
    </p>
   </div>
  </div>
 </body>
</html>
