3322 4462
483 253 553 301 unu
574 252 722 303 counssu
742 252 808 300 roa
827 252 896 300 run
916 251 1008 300 saus
1027 251 1068 300 or
1088 251 1265 304 sumanus
1371 255 1414 323 39

323 404 446 483 Quidve
459 403 591 469 domum
603 405 698 470 tertis
711 403 845 482 decimo,
861 403 922 468 uisi
934 404 1079 490 dedecus,
1094 425 1178 472 anno
1187 408 1202 471 i
1212 407 1235 441 ”

323 503 452 568 Talibus
464 506 561 586 atque
573 503 655 582 aliis,
672 504 708 567 iu
721 523 801 586 quae
815 503 904 568 dolor
916 502 983 588 ipoe
995 503 1150 569 disertum

321 603 449 678 iecerat,
464 621 588 666 aversos
601 602 739 686 profuga
752 602 792 666 de
805 601 901 672 classe
914 601 1035 666 reduxi.

323 701 482 764 Convocat
494 700 626 764 Atrides
640 699 739 764 socios
752 703 871 764 terrore
884 701 1043 783 parentes,

321 818 380 862 uec
394 797 633 862 Telamoniades
645 797 743 862 etiam
756 816 844 861 nuno
857 797 976 862 hiscere
986 797 1154 880 quiequam

321 896 432 973 audot3
452 898 487 958 at
499 915 594 960 ausus
608 899 677 959 erat
689 915 778 977 reges
791 894 942 960 incessere
951 894 1045 959 dictis

321 983 492 1069 Thersites,
508 992 605 1056 etiam
618 1012 677 1076 per
690 1012 741 1057 me
754 991 841 1056 haud
855 991 996 1076 impune,
1010 993 1175 1075 protervis.

321 1091 438 1173 Erigor
449 1093 483 1153 et
496 1088 636 1173 trepidos
648 1090 733 1154 cives
746 1089 895 1154 exhortor
906 1089 941 1153 in
954 1090 1077 1154 hostem

321 1188 528 1269 amissamque
541 1208 612 1252 mea
624 1187 778 1252 uirtutem
791 1207 867 1250 voce
880 1207 1006 1270 repono.

323 1286 476 1368 Tempore
489 1285 529 1348 ab
542 1285 613 1361 hoe,
631 1285 853 1368 quodcumque
866 1287 970 1368 potest
981 1283 1091 1349 iecisse
1103 1283 1204 1349 videri

321 1383 448 1448 fortiter
460 1382 531 1459 isto,
546 1403 654 1447 meum
668 1385 727 1460 est,
743 1383 800 1465 qui
813 1384 943 1447 dantem
956 1386 1046 1464 terga
1057 1382 1183 1446 retraxi.

404 1481 568 1564 ‘Denique
581 1483 622 1545 de
635 1481 756 1546 Danais
769 1480 842 1563 quis
855 1484 887 1545 te
899 1481 1046 1550 laudatve
1058 1479 1204 1565 petitio?

322 1578 438 1644 Ateus
450 1579 589 1661 Tydides
602 1599 729 1643 mecum
748 1577 963 1643 communicat
974 1581 1054 1655 uota,

322 1697 373 1740 me
386 1676 499 1759 probat
512 1679 546 1739 et
558 1676 643 1740 socio
656 1695 779 1759 semper
791 1675 925 1739 conlidit
937 1675 1043 1740 Ulixe.

324 1774 384 1838 Est
395 1772 527 1856 aliquid,
544 1774 584 1838 de
599 1777 648 1837 tot
662 1772 833 1838 Graiorum
845 1773 973 1836 milibus
985 1793 1087 1836 unum

323 1892 343 1935 a
356 1871 509 1935 Diomede
523 1871 600 1954 legii
614 1908 655 1922 -
668 1871 737 1935 Nec
751 1890 803 1934 me
817 1891 882 1936 sors
894 1870 940 1934 ire
952 1870 1094 1934 iubebat:

324 1968 368 2032 sio
381 1971 488 2032 mmen
501 1971 535 2032 et
548 1972 654 2052 spreto
666 1967 832 2050 noctisque
847 1968 1007 2051 hostisque
1020 1968 1137 2052 periclo

324 2087 437 2130 ausum
449 2067 569 2143 eadem
585 2086 665 2149 quae
679 2087 748 2143 uos,
765 2066 905 2150 Phrygis
917 2067 957 2130 de
970 2070 1063 2148 gente
1077 2067 1202 2131 Dolona

324 2164 487 2229 interimo:
508 2184 574 2229 non
588 2168 662 2229 aute
676 2168 795 2240 tamem
811 2185 907 2247 quam
920 2168 1035 2230 cuneta
1048 2164 1137 2246 coegi

325 2264 467 2346 prodere,
483 2265 517 2325 et
529 2263 656 2342 edidici,
672 2263 750 2345 quid
764 2264 885 2346 perfida
897 2262 992 2327 Troia
1003 2266 1139 2345 pararet.

327 2359 443 2424 Omnia
454 2379 636 2441 cognoram,
651 2380 721 2436 nee,
738 2361 825 2442 quod
838 2361 1023 2443 specularer,
1038 2360 1203 2436 habebam,

326 2461 360 2521 et
372 2458 436 2521 iam
448 2456 602 2538 promissa
614 2461 759 2540 poteram
772 2477 846 2520 oum
859 2458 952 2522 leude
965 2458 1087 2522 reverti.

327 2555 426 2618 Haud
438 2557 608 2618 contentus
621 2562 658 2618 eo
670 2553 750 2638 petii
764 2554 902 2618 tentoria
914 2554 1009 2618 Rhesi

326 2651 423 2734 inque
435 2651 501 2714 suis
514 2651 620 2734 ipsum
634 2651 745 2715 castris
758 2651 949 2734 comiterque
961 2650 1095 2734 peremi3

327 2751 422 2831 atque
434 2747 481 2811 ita
493 2748 618 2830 captivo
631 2749 734 2812 victor
746 2747 890 2830 votisque
902 2749 1023 2831 potitus

327 2845 488 2929 ingredior
500 2866 596 2909 curru
609 2847 709 2910 laetos
722 2844 871 2909 imitante
886 2845 1071 2927 triumphos.

329 2943 428 3007 Cuius
440 2963 536 3025 equos
548 2943 688 3027 pretium
701 2963 761 3026 pro
774 2945 867 3008 nocte
881 2947 1063 3026 poposcerat
1076 2942 1185 3019 hostis,

327 3061 414 3106 mma
426 3044 539 3123 negate
552 3041 644 3118 mihi,
660 3040 822 3123 fueritque
836 3040 1001 3122 benignior
1014 3040 1110 3104 Aiax!

409 3137 513 3214 ‘Quid
528 3138 619 3220 Lycii
633 3139 767 3202 referam
783 3138 972 3221 Sarpedonis
985 3138 1112 3220 agmina
1123 3139 1209 3202 terro

328 3235 488 3299 devastate
500 3237 596 3299 meo?
637 3235 719 3298 Cum
733 3233 837 3298 multo
851 3235 1003 3318 sanguiue
1016 3235 1087 3298 fudi

330 3331 492 3407 Coeranon
506 3332 670 3414 Iphitiden
683 3337 718 3396 et
731 3333 938 3414 Alastoraque
953 3333 1200 3416 Chromiumque

329 3429 587 3512 Alcandrumque
601 3431 796 3513 Haliumque
809 3431 1035 3512 Noemonaque
1048 3430 1273 3514 Prytauiuque,

330 3527 488 3609 exitioque
501 3528 576 3592 dedi
590 3548 664 3602 cum
679 3528 940 3592 Chersidamante
955 3528 1086 3592 Thoona

330 3628 363 3687 et
377 3625 553 3709 Charopem
566 3626 703 3709 fatisque
717 3625 886 3690 inmitibus
900 3627 1068 3688 Ennomon
1081 3628 1186 3688 actum
1264 3636 1281 3658 ⁴
1361 3628 1422 3687 260

331 3722 446 3806 quique
459 3723 567 3786 minus
580 3723 715 3788 celebres
729 3725 838 3788 nostru
851 3724 910 3787 sub
923 3723 1086 3788 moenibus
1099 3723 1186 3786 urbis

330 3821 523 3903 procubuere
537 3841 644 3886 manu.
689 3822 772 3886 Sunt
787 3824 820 3884 et
833 3820 1068 3896 mihi'v'ulnera,
1084 3820 1186 3896 eires,'

331 3918 399 4001 ipso
412 3919 546 4002 pulchra
557 3921 638 3985 loeo.
673 3920 749 3984 -Nee
763 3920 854 3984 ranis
866 3919 983 3984 credite
998 3919 1112 3983 verbis:

332 4015 482 4101 adspicite
496 4019 572 4082 eni'
593 4011 774 4100 restemque
787 4037 886 4083 manu
900 4015 1026 4081 diduxit
1038 4023 1071 4079 et
1086 4016 1181 4080 ‘haee
1194 4017 1270 4078 sunt
1280 4015 1291 4082 ,“
