3322 4462
653 237 810 287 ORPHEUB
830 237 907 286 ΛΝΒ
927 236 1114 284 susumus.
1379 235 1424 304 29

337 408 435 473 usque
447 387 511 453 luit
523 388 689 472 nullosque
703 388 827 455 invenit
840 387 979 453 molibus
992 387 1092 470 ignes.

416 487 529 551 Exitus
541 487 681 571 auspiciu
694 487 833 570 gravior:
854 507 930 551 nam
944 490 1047 570 nupta
1059 505 1115 568 per
1128 483 1237 550 herbas

336 585 415 648 dnm
428 605 507 649 nora
519 586 670 649 naiadum
684 585 779 649 turba
791 584 942 649 comitata
951 588 1095 665 vagatur,

336 684 452 748 occidit
464 684 499 747 iu
511 685 614 748 tulum
627 683 782 766 serpentis
795 684 891 746 dente
905 685 1040 766 recepto.

417 781 516 858 Quam
529 782 605 852 satis
618 784 659 846 ud
672 793 800 866 superas
817 785 986 865 postquem
1000 779 1200 861 Rhodopeius
1211 797 1301 843 auras

337 878 462 943 deflerit
475 853 626 956 ratessne
640 900 706 943 non
722 882 890 963 temptsrst
903 882 937 943 et
950 878 1088 953 umbras,

337 977 379 1040 ad
393 976 488 1059 Styga
500 977 654 1042 Taenaris
666 981 714 1041 est
726 997 822 1052 ausus
832 978 1025 1065 descendere
1037 979 1142 1058 pcrta;

338 1093 454 1157 perque
466 1074 546 1138 leves
559 1076 692 1158 pupulos
705 1075 934 1157 simulacraque
948 1074 1063 1137 iuncta
1074 1072 1215 1155 sepulcro

339 1170 558 1254 Persephonen
570 1172 652 1242 ediit
663 1172 891 1254 inamoenaque
904 1191 1003 1254 regua
1018 1174 1175 1235 tenentem

338 1270 519 1333 umbrarum
531 1270 707 1334 dominum.
752 1270 917 1353 Pulsisque
930 1270 970 1333 ud
985 1268 1126 1334 cermins
1139 1268 1242 1332 nervis

337 1366 383 1430 sic
394 1367 455 1431 ait:
476 1366 523 1431 ‘0
537 1366 632 1450 positi
645 1368 703 1432 sub
718 1372 802 1432 tarra
814 1369 950 1455 numine
961 1366 1088 1442 mundi,

338 1464 373 1528 iu
386 1485 478 1547 quern
490 1465 687 1542 reccidimus,
704 1465 856 1549 quicquid
870 1465 1004 1528 mortale
1017 1484 1169 1540 creemur,

338 1562 451 1626 silicet
462 1567 496 1626 et
506 1563 579 1627 tulsi
593 1563 703 1646 positis
715 1563 900 1644 ambagibus
913 1563 976 1626 cris

338 1679 412 1723 vera
422 1646 508 1743 loqui
520 1660 635 1736 sinitis,
651 1680 717 1725 non
730 1661 806 1736 hue,
823 1664 860 1722 ut
873 1679 971 1743 cpees
984 1660 1125 1724 riderem

339 1756 478 1834 Tartara,
493 1758 650 1834 descendi,
666 1777 726 1821 nec
745 1757 795 1821 nti
809 1757 919 1822 villosa
931 1756 1070 1821 colubris

339 1858 429 1919 terna
441 1854 599 1919 Medusaei
612 1854 764 1920 vincirem
777 1857 913 1937 guttura
926 1853 1076 1916 monstri:

338 1972 431 2017 causa
441 1952 508 2017 riae
521 1953 730 2049 est-coniunx,
747 1953 782 2015 in
796 1973 892 2048 quarn
905 1951 1027 2016 calcata
1040 1969 1195 2015 venenum
1325 2038 1331 2045 ·

339 2049 445 2132 vipera
456 2050 586 2114 diffudit
598 2055 833 2133 crescentesque
849 2048 983 2114 abstulit
996 2066 1105 2112 annos.

420 2149 429 2179 ‘
440 2149 530 2212 Posse
543 2148 611 2231 pali
623 2148 711 2213 uolui
724 2147 787 2212 nec‘
796 2159 847 2213 me
860 2150 1031 2230 temptasse
1044 2146 1177 2228 negabo:

339 2246 417 2309 vicit
428 2247 533 2309 Amor.
579 2246 700 2327 Supera
711 2247 789 2309 deus
801 2245 855 2309 hic
868 2244 949 2308 bene
961 2249 1059 2308 notura
1071 2245 1105 2306 in
1119 2263 1173 2307 ora
1184 2247 1242 2319 est,

340 2363 381 2406 an
394 2343 436 2406 sit
447 2346 480 2406 et
491 2343 554 2419 hie,
570 2344 692 2406 dubita.
736 2343 800 2407 Sed
813 2343 913 2406 ethic
926 2350 1035 2406 tumea
1047 2361 1184 2424 auguror
1196 2362 1274 2419 esse;

340 2441 484 2522 ternaque
496 2440 520 2502 si
535 2439 648 2503 veteris
661 2459 726 2502 non
739 2446 787 2502 est
800 2440 936 2503 mentita
949 2439 1088 2521 rapinae,

340 2556 396 2600 rus
408 2556 529 2619 quoque
542 2536 649 2600 iunxit
662 2536 771 2601 Amor.
815 2536 876 2599 Per
890 2556 948 2617 ego
961 2536 1040 2599 haec
1053 2537 1120 2600 loca
1131 2537 1225 2620 plens
1236 2536 1368 2613 timoris,

340 2632 698 2716 perchsuslrccingeus
710 2633 995 2717 vastiquesilentia
1007 2635 1108 2716 regni,
1384 2639 1424 2698 30

342 2731 520 2814 Eurydices,
535 2751 601 2806 cro,
616 2734 784 2814 properata
797 2732 930 2794 retexite
943 2731 1022 2794 tata.

342 2827 456 2913 Omnia
467 2829 622 2892 debentur
634 2828 731 2908 vobis,
748 2828 943 2912 paulumque
956 2828 1071 2891 morati

340 2925 437 2989 serius
449 2928 505 2989 aut
517 2925 611 2990 cilius
624 2927 729 2990 sedem
743 2916 949 3009 properemus
962 2927 1002 2990 ad
1018 2945 1125 2989 amru.

341 3023 512 3086 Tendimus
522 3020 587 3087 hu'c
600 3044 719 3098 omnes,
735 3024 813 3088 haec
826 3029 874 3089 est
887 3026 1002 3088 domus
1015 3023 1139 3102 ultime,
1155 3044 1267 3107 rosque

340 3118 471 3184 humani
483 3120 606 3202 generis
619 3121 803 3202 longissima
815 3141 914 3203 regna
927 3121 1053 3209 tenetis.
1385 3126 1425 3186 35

342 3217 427 3303 Haec
440 3237 573 3301 quoque,
588 3238 662 3281 cum
676 3218 777 3282 iustus
790 3225 916 3281 matura
929 3218 1087 3301 peregerit
1099 3239 1207 3293 annes,

341 3314 419 3378 iuris
430 3314 491 3378 erit
502 3314 612 3378 vestri:
633 3335 692 3398 pru
705 3336 837 3379 munere
849 3315 1009 3398 poscimus
1022 3336 1125 3380 usum.

343 3410 539 3487 Quodsi'lsta
552 3418 671 3493 negant
684 3412 808 3476 reniam
822 3433 880 3494 pro
894 3412 1040 3494 coniuge,
1057 3417 1178 3476 certum
1190 3417 1238 3476 est

342 3509 425 3572 nolle
437 3509 537 3573 redire
550 3509 645 3573 mihis
666 3509 729 3574 leto
744 3511 879 3592 gaudete
893 3512 1057 3575 ‹laurum’

420 3606 1220 3692 'l'alisdicentemnervosqneadverbamoventem
1385 3611 1426 3670 40

342 3723 511 3787 exungues
523 3705 642 3769 flebant
654 3705 791 3770 animes:
813 3725 871 3770 nec
886 3706 1040 3770 'lentulus
1053 3707 1172 3770 undem

342 3802 479 3885 captarit
491 3803 647 3885 refugam,
663 3803 849 3887 stupuitque
862 3803 983 3867 Ixionis
996 3803 1091 3881 orbis,

342 3919 401 3964 nec
413 3920 552 3984 carpsere
565 3901 652 3965 iecur
667 3901 819 3977 uolucres,
836 3902 987 3985 urnisque
1001 3906 1152 3966 vacarunt

344 3997 475 4075 Belides,
490 3998 585 4082 inque
601 4003 656 4063 tuo
669 3998 788 4077 sedisti,
806 3999 949 4082 Sisyphe,
966 4019 1050 4064 saxo.
