3322 4462
596 251 667 298 nnn
688 248 909 306 numosmoa
929 249 969 296 os
989 248 1129 296 caussa.
1368 245 1409 312 45

323 399 538 489 praemonitus
551 403 684 484 potuere
696 401 806 480 deum3
827 399 988 484 striotique
1001 399 1151 464 teruntur
1352 399 1413 462 800

322 497 358 560 in
370 497 527 580 templum
541 498 656 582 gladii,
677 519 779 582 neque
792 499 876 564 enim
889 499 976 564 locus
988 498 1075 562 ullus
1088 498 1123 562 iu
1136 497 1213 579 urbe

322 596 362 659 ad
375 596 501 661 facinus
514 597 680 680 diramque
693 598 807 681 placet,
822 597 883 660 uisi
896 597 992 674 ouria,
1008 597 1143 661 caedem

323 693 406 757 Tum
420 715 493 760 vero
508 695 665 778 Cytherea
678 715 775 784 mauu
789 695 938 778 percussit
951 698 1085 777 utraque

322 794 446 873 pectus,
463 795 497 854 et
510 791 686 855 Aeneaden
699 790 832 855 molitur
845 790 979 854 condere
992 789 1090 866 nube,

323 908 386 971 qua
399 887 490 971 prius
503 888 625 952 infesto
640 887 730 952 Paris
744 891 793 950 est
806 889 933 969 ereptus
946 885 1093 963 Atridae,

323 989 356 1048 et
370 985 562 1048 Diomedeos
578 985 702 1048 Aeneae
716 985 845 1066 iugarat
858 1003 957 1047 enses.

402 1081 536 1145 Talibus
549 1082 634 1146 hane
648 1081 794 1165 genitor:
817 1080 909 1145 ‘Sola
921 1080 1135 1162 insuperabile
1149 1081 1266 1154 iatum,

322 1181 410 1255 nata,
425 1198 553 1243 movere
567 1198 660 1262 paras
673 1179 688 1242 i
728 1179 833 1242 Intres
845 1177 921 1242 licet
934 1177 1003 1260 ipsa
1017 1197 1161 1240 sororum

322 1278 410 1340 tecta
422 1275 523 1339 trium
537 1297 545 1338 ε
566 1282 677 1341 cernes
690 1275 758 1340 illic
772 1275 934 1340 molimm
947 1278 1038 1339 vasto
1126 1343 1131 1349 ,

323 1392 362 1435 ex
375 1393 447 1436 aere
461 1377 495 1436 et
509 1373 611 1437 solido
625 1393 734 1437 rerum
748 1373 904 1450 tabularia
917 1359 1029 1448 terro,¹

323 1489 404 1550 quae
416 1489 522 1552 neque
536 1490 730 1536 concussum
743 1470 833 1547 caeli,
847 1489 950 1553 neque
963 1469 1111 1561 fulminis
1124 1470 1215 1547 iram,

325 1581 383 1626 uec
396 1565 546 1626 metuunt
560 1563 641 1650 ullas
656 1567 727 1626 tuta
740 1565 834 1646 atque
847 1567 972 1628 aeterna
984 1563 1104 1627 ruinas.

326 1659 474 1724 Invenies
486 1659 553 1723 illie
567 1659 667 1723 incisa
680 1661 845 1724 adamante
857 1660 988 1742 perenni

325 1756 393 1819 into
405 1755 454 1819 tui
468 1756 607 1838 generis:
627 1757 691 1839 legi
706 1757 772 1838 ipse
785 1756 948 1839 animoque
962 1756 1080 1831 nemsi,

326 1857 360 1917 et
372 1848 518 1930 interam,
533 1873 575 1918 ne
588 1854 631 1917 sis
644 1853 819 1918 etiamnum
832 1853 940 1935 ignara
952 1853 1068 1917 futuri.

408 1951 491 2015 ‘Hic
504 1971 561 2014 sua
573 1951 755 2034 complevit,
770 1971 827 2033 pro
841 1971 913 2034 quo,
930 1951 1095 2033 Cytherea,
1110 1951 1240 2028 laboras,

326 2047 631 2131 temperamentis
644 2069 722 2132 quos
735 2051 835 2128 tarrae
848 2049 956 2113 debuit
969 2049 1073 2113 aunis.

326 2144 375 2234 Iit
388 2146 465 2209 deus
477 2145 606 2209 maudut
618 2147 704 2210 caelo
719 2146 903 2228 templisque
916 2146 1048 2222 locetur,

326 2245 364 2304 tu
377 2242 473 2306 iacies
486 2246 643 2326 natusque
656 2263 742 2319 suus,
759 2243 814 2324 qui
825 2244 961 2307 nominis
973 2243 1068 2307 heres

328 2339 512 2422 impositum
526 2340 607 2404 leret
620 2360 706 2415 uuus
719 2360 808 2417 onus,
823 2341 987 2422 caedisque
1000 2341 1141 2422 parentia

328 2457 386 2500 nos
399 2437 435 2499 in
446 2435 530 2501 bella
542 2457 614 2502 suos
626 2437 818 2501 fortissimus
830 2438 915 2502 ultor
926 2437 1065 2502 habebit.

329 2533 422 2597 Illius
433 2532 583 2616 auspiciis
595 2534 734 2598 obsessae
747 2534 869 2598 moenia
880 2554 989 2617 pacem

327 2628 414 2694 victa
426 2627 541 2713 petent
555 2628 702 2696 Mutinae
713 2650 722 2708 ;
743 2628 904 2693 Pharsalia
917 2628 1035 2691 sentiet
1048 2628 1151 2705 illum,

328 2725 535 2809 Emathiique
548 2725 669 2790 iterum
682 2725 852 2790 madefient
866 2725 960 2787 caede
975 2723 1127 2806 Philippi,

328 2825 362 2885 et
374 2841 529 2904 magnum
544 2822 661 2887 Siculis
674 2841 793 2885 nomen
806 2821 1007 2903 superabitur
1021 2822 1128 2898 undis,

329 2918 528 3002 Romanique
542 2920 634 2983 ducis
648 2919 791 2983 coniunx
804 2918 962 3001 Aegyptia
975 2918 1089 3004 taedae

327 3036 393 3079 uon
407 3009 488 3080 bene
501 3018 559 3081 fisa
573 3017 688 3080 cadet:
709 3015 892 3098 frustraque
905 3015 1036 3092 eritilla
1050 3015 1189 3091 minata„

328 3112 485 3177 servitura
497 3133 556 3177 suo
572 3113 732 3197 Capitolia
745 3116 853 3180 nostra
868 3112 1018 3194 Canopo.-

412 3209 517 3286 ‘Quid
530 3209 593 3272 tibi
606 3209 796 3292 barbariam,
811 3213 921 3291 gentes
935 3209 974 3271 ab
989 3211 1126 3290 utroque
1140 3209 1280 3274 iacentes

330 3303 453 3366 Oceano
466 3305 656 3366 numerem?
697 3302 921 3384 Quodcumque
933 3303 1105 3384 habitabile
1118 3305 1211 3368 tellus

330 3401 474 3474 sustinet,
490 3399 587 3462 huius
599 3399 675 3478 erit3
696 3402 814 3482 pontus
827 3419 948 3482 quoque
961 3401 1075 3464 serviet
1087 3402 1146 3464 illi.

331 3496 411 3561 Pace
424 3497 499 3560 data
512 3497 614 3573 terris,
630 3497 774 3561 animum
786 3497 826 3560 ad
839 3497 943 3561 civilia
955 3500 1056 3562 vertet

330 3594 400 3658 iura
412 3614 517 3669 suum,
533 3595 679 3677 legesque
691 3595 773 3658 ieret
786 3594 972 3658 iustissimus
985 3599 1109 3659 auctor:

330 3691 535 3775 exemploque
549 3712 606 3755 suo
619 3712 721 3756 mores
735 3694 831 3774 reget,
848 3691 942 3773 inque
956 3692 1061 3755 futuri

330 3789 481 3872 temporis
494 3793 629 3854 aetamm
643 3793 908 3872 venturorumque
923 3794 1078 3872 nepotum

331 3886 534 3971 prospiciens,
550 3887 671 3972 prolem
685 3890 792 3952 saneta
805 3888 844 3951 de
856 3887 988 3969 coniuge
1002 3891 1110 3950 natum

331 3986 414 4050 terre
428 3984 523 4049 simul
537 4005 715 4068 nomenque
729 4005 821 4049 suum
835 4005 981 4068 curesque
995 3984 1131 4065 iubebit;
