<?xml version="1.0" encoding="UTF-8"?>
<!DOCTYPE html PUBLIC "-//W3C//DTD XHTML 1.0 Transitional//EN"
    "http://www.w3.org/TR/xhtml1/DTD/xhtml1-transitional.dtd">
<html xmlns="http://www.w3.org/1999/xhtml" xml:lang="en" lang="en">
 <head>
  <title>
</title>
<meta http-equiv="Content-Type" content="text/html;charset=utf-8" />
  <meta name='ocr-system' content='tesseract 3.04.00' />
  <meta name='ocr-capabilities' content='ocr_page ocr_carea ocr_par ocr_line ocrx_word'/>
</head>
<body>
  <div class='ocr_page' id='page_1' title='image "./selectionsfromo00andegoog_0059.png"; bbox 0 0 3322 4462; ppageno 0'>
   <div class='ocr_carea' id='block_1_1' title="bbox 224 235 1118 302">
    <p class='ocr_par' dir='ltr' id='par_1_1' title="bbox 224 235 1118 302">
     <span class='ocr_line' id='line_1_1' title="bbox 224 235 1118 302; baseline 0.001 -19"><span class='ocrx_word' id='word_1_1' title='bbox 224 237 267 302; x_wconf 88' lang='grc'><strong>42</strong></span> <span class='ocrx_word' id='word_1_2' title='bbox 418 236 448 284; x_wconf 78' lang='lat'><strong>1³.</strong></span> <span class='ocrx_word' id='word_1_3' title='bbox 473 235 586 283; x_wconf 75' lang='lat' dir='ltr'><strong>0V1n11</strong></span> <span class='ocrx_word' id='word_1_4' title='bbox 608 235 759 285; x_wconf 69' lang='lat' dir='ltr'>NASONIS</span> <span class='ocrx_word' id='word_1_5' title='bbox 780 235 944 287; x_wconf 69' lang='lat' dir='ltr'><strong>aarum</strong></span> <span class='ocrx_word' id='word_1_6' title='bbox 965 236 1118 296; x_wconf 58' lang='grc' dir='ltr'>ΒΗΜΛ.</span> 
     </span>
    </p>
   </div>
   <div class='ocr_carea' id='block_1_2' title="bbox 224 386 1317 4084">
    <p class='ocr_par' dir='ltr' id='par_1_2' title="bbox 224 386 1317 4084">
     <span class='ocr_line' id='line_1_2' title="bbox 224 386 1045 471; baseline 0.011 -24"><span class='ocrx_word' id='word_1_7' title='bbox 224 405 343 471; x_wconf 88' lang='lat' dir='ltr'><strong>perque</strong></span> <span class='ocrx_word' id='word_1_8' title='bbox 355 386 438 452; x_wconf 80' lang='lat' dir='ltr'><strong>ieros</strong></span> <span class='ocrx_word' id='word_1_9' title='bbox 451 407 538 452; x_wconf 91' lang='lat' dir='ltr'><strong>enses</strong></span> <span class='ocrx_word' id='word_1_10' title='bbox 551 407 616 452; x_wconf 93' lang='lat' dir='ltr'><strong>non</strong></span> <span class='ocrx_word' id='word_1_11' title='bbox 631 389 759 452; x_wconf 87' lang='lat' dir='ltr'><strong>tantum</strong></span> <span class='ocrx_word' id='word_1_12' title='bbox 772 389 898 454; x_wconf 89' lang='lat' dir='ltr'><strong>moenia</strong></span> <span class='ocrx_word' id='word_1_13' title='bbox 913 389 1045 469; x_wconf 71' lang='lat' dir='ltr'><strong>Troum,</strong></span> 
     </span>
     <span class='ocr_line' id='line_1_3' title="bbox 225 484 960 571; baseline 0.008 -24"><span class='ocrx_word' id='word_1_14' title='bbox 225 492 336 549; x_wconf 78' lang='lat' dir='ltr'><strong>rernm</strong></span> <span class='ocrx_word' id='word_1_15' title='bbox 349 484 444 548; x_wconf 80' lang='lat' dir='ltr'><strong>etiam</strong></span> <span class='ocrx_word' id='word_1_16' title='bbox 457 505 596 549; x_wconf 90' lang='lat' dir='ltr'><strong>summas</strong></span> <span class='ocrx_word' id='word_1_17' title='bbox 608 505 695 550; x_wconf 84' lang='lat' dir='ltr'><strong>aroee</strong></span> <span class='ocrx_word' id='word_1_18' title='bbox 708 486 828 552; x_wconf 84' lang='lat' dir='ltr'><strong>intrare</strong></span> <span class='ocrx_word' id='word_1_19' title='bbox 842 507 960 571; x_wconf 87' lang='lat' dir='ltr'><strong>suaque</strong></span> 
     </span>
     <span class='ocr_line' id='line_1_4' title="bbox 224 583 1317 676; baseline 0.006 -29"><span class='ocrx_word' id='word_1_20' title='bbox 224 583 345 676; x_wconf 86' lang='lat' dir='ltr'><strong>eripere</strong></span> <span class='ocrx_word' id='word_1_21' title='bbox 357 583 432 648; x_wconf 84' lang='lat' dir='ltr'><strong>aede</strong></span> <span class='ocrx_word' id='word_1_22' title='bbox 445 585 536 648; x_wconf 92' lang='lat' dir='ltr'><strong>deam</strong></span> <span class='ocrx_word' id='word_1_23' title='bbox 549 587 734 668; x_wconf 84' lang='lat' dir='ltr'><strong>raptamque</strong></span> <span class='ocrx_word' id='word_1_24' title='bbox 749 587 874 652; x_wconf 80' lang='lat' dir='ltr'><strong>adferre</strong></span> <span class='ocrx_word' id='word_1_25' title='bbox 886 607 946 671; x_wconf 92' lang='lat' dir='ltr'><strong>per</strong></span> <span class='ocrx_word' id='word_1_26' title='bbox 958 587 1086 652; x_wconf 79' lang='lat' dir='ltr'><strong>hostes?</strong></span> <span class='ocrx_word' id='word_1_27' title='bbox 1257 593 1317 654; x_wconf 81' lang='lat'><strong>345</strong></span> 
     </span>
     <span class='ocr_line' id='line_1_5' title="bbox 226 681 1014 760; baseline 0.006 -15"><span class='ocrx_word' id='word_1_28' title='bbox 226 684 314 760; x_wconf 78' lang='lat' dir='ltr'><strong>Quae</strong></span> <span class='ocrx_word' id='word_1_29' title='bbox 327 681 387 746; x_wconf 90' lang='lat' dir='ltr'><strong>nisi</strong></span> <span class='ocrx_word' id='word_1_30' title='bbox 400 682 553 758; x_wconf 77' lang='lat' dir='ltr'><strong>fecissem,</strong></span> <span class='ocrx_word' id='word_1_31' title='bbox 569 683 689 747; x_wconf 76' lang='lat' dir='ltr'><strong>frustra</strong></span> <span class='ocrx_word' id='word_1_32' title='bbox 703 683 876 750; x_wconf 79' lang='lat' dir='ltr'>Telamone</span> <span class='ocrx_word' id='word_1_33' title='bbox 891 689 1014 750; x_wconf 85' lang='lat' dir='ltr'><strong>oreatus</strong></span> 
     </span>
     <span class='ocr_line' id='line_1_6' title="bbox 225 781 935 866; baseline 0.001 -21"><span class='ocrx_word' id='word_1_34' title='bbox 225 784 375 863; x_wconf 73' lang='lat' dir='ltr'><strong>gestasset</strong></span> <span class='ocrx_word' id='word_1_35' title='bbox 386 781 474 846; x_wconf 82' lang='lat' dir='ltr'><strong>laeva</strong></span> <span class='ocrx_word' id='word_1_36' title='bbox 486 784 650 845; x_wconf 82' lang='lat' dir='ltr'><strong>taurorum</strong></span> <span class='ocrx_word' id='word_1_37' title='bbox 664 785 790 864; x_wconf 77' lang='lat' dir='ltr'>tergora</span> <span class='ocrx_word' id='word_1_38' title='bbox 802 787 935 866; x_wconf 79' lang='lat' dir='ltr'><strong>septem.</strong></span> 
     </span>
     <span class='ocr_line' id='line_1_7' title="bbox 225 878 933 963; baseline 0.003 -21"><span class='ocrx_word' id='word_1_39' title='bbox 225 879 287 942; x_wconf 86' lang='lat' dir='ltr'><strong>Illa</strong></span> <span class='ocrx_word' id='word_1_40' title='bbox 300 883 391 944; x_wconf 83' lang='lat' dir='ltr'><strong>noete</strong></span> <span class='ocrx_word' id='word_1_41' title='bbox 403 878 483 942; x_wconf 88' lang='lat' dir='ltr'><strong>mihi</strong></span> <span class='ocrx_word' id='word_1_42' title='bbox 497 879 609 955; x_wconf 82' lang='lat' dir='ltr'><strong>Troiae</strong></span> <span class='ocrx_word' id='word_1_43' title='bbox 622 879 755 945; x_wconf 80' lang='lat' dir='ltr'><strong>viatoria</strong></span> <span class='ocrx_word' id='word_1_44' title='bbox 768 883 861 963; x_wconf 88' lang='lat' dir='ltr'><strong>parta</strong></span> <span class='ocrx_word' id='word_1_45' title='bbox 874 885 933 957; x_wconf 90' lang='lat' dir='ltr'><strong>est,</strong></span> 
     </span>
     <span class='ocr_line' id='line_1_8' title="bbox 226 976 957 1062; baseline 0.001 -23"><span class='ocrx_word' id='word_1_46' title='bbox 226 976 377 1062; x_wconf 76' lang='lat' dir='ltr'><strong>Pergama</strong></span> <span class='ocrx_word' id='word_1_47' title='bbox 390 980 460 1040; x_wconf 90' lang='lat' dir='ltr'><strong>tum</strong></span> <span class='ocrx_word' id='word_1_48' title='bbox 473 976 546 1054; x_wconf 84' lang='lat' dir='ltr'><strong>viai,</strong></span> <span class='ocrx_word' id='word_1_49' title='bbox 562 997 636 1041; x_wconf 89' lang='lat' dir='ltr'><strong>oum</strong></span> <span class='ocrx_word' id='word_1_50' title='bbox 649 978 735 1042; x_wconf 85' lang='lat' dir='ltr'><strong>vinei</strong></span> <span class='ocrx_word' id='word_1_51' title='bbox 753 981 843 1061; x_wconf 81' lang='lat' dir='ltr'><strong>poss&#39;e</strong></span> <span class='ocrx_word' id='word_1_52' title='bbox 857 978 957 1060; x_wconf 76' lang='lat' dir='ltr'><strong>eotgi.</strong></span> 
     </span>
     <span class='ocr_line' id='line_1_9' title="bbox 309 1073 1097 1158; baseline 0.004 -21"><span class='ocrx_word' id='word_1_53' title='bbox 309 1073 442 1138; x_wconf 89' lang='lat' dir='ltr'><strong>‘Desine</strong></span> <span class='ocrx_word' id='word_1_54' title='bbox 456 1074 601 1157; x_wconf 78' lang='lat' dir='ltr'><strong>Tydiden</strong></span> <span class='ocrx_word' id='word_1_55' title='bbox 615 1075 770 1158; x_wconf 86' lang='lat' dir='ltr'><strong>vultuque</strong></span> <span class='ocrx_word' id='word_1_56' title='bbox 784 1079 817 1139; x_wconf 90' lang='lat' dir='ltr'><strong>et</strong></span> <span class='ocrx_word' id='word_1_57' title='bbox 830 1095 995 1140; x_wconf 91' lang='lat' dir='ltr'><strong>murmure</strong></span> <span class='ocrx_word' id='word_1_58' title='bbox 1007 1075 1097 1140; x_wconf 88' lang='lat' dir='ltr'><strong>nobis</strong></span> 
     </span>
     <span class='ocr_line' id='line_1_10' title="bbox 225 1173 987 1255; baseline -0.001 -19"><span class='ocrx_word' id='word_1_59' title='bbox 225 1173 382 1236; x_wconf 78' lang='lat' dir='ltr'><strong>ostentare</strong></span> <span class='ocrx_word' id='word_1_60' title='bbox 394 1191 516 1236; x_wconf 89' lang='lat' dir='ltr'><strong>meum:</strong></span> <span class='ocrx_word' id='word_1_61' title='bbox 536 1192 609 1255; x_wconf 88' lang='lat' dir='ltr'><strong>pars</strong></span> <span class='ocrx_word' id='word_1_62' title='bbox 622 1176 670 1237; x_wconf 90' lang='lat' dir='ltr'><strong>est</strong></span> <span class='ocrx_word' id='word_1_63' title='bbox 684 1193 741 1238; x_wconf 87' lang='lat' dir='ltr'><strong>sna</strong></span> <span class='ocrx_word' id='word_1_64' title='bbox 753 1173 858 1237; x_wconf 90' lang='lat' dir='ltr'><strong>laudis</strong></span> <span class='ocrx_word' id='word_1_65' title='bbox 871 1173 907 1237; x_wconf 90' lang='lat' dir='ltr'><strong>in</strong></span> <span class='ocrx_word' id='word_1_66' title='bbox 920 1173 987 1238; x_wconf 91' lang='lat' dir='ltr'><strong>illo.</strong></span> 
     </span>
     <span class='ocr_line' id='line_1_11' title="bbox 225 1269 1027 1354; baseline 0.004 -22"><span class='ocrx_word' id='word_1_67' title='bbox 225 1269 259 1333; x_wconf 89' lang='lat' dir='ltr'>N</span> <span class='ocrx_word' id='word_1_68' title='bbox 259 1289 295 1332; x_wconf 91' lang='lat' dir='ltr'><strong>eo</strong></span> <span class='ocrx_word' id='word_1_69' title='bbox 308 1272 356 1346; x_wconf 90' lang='lat' dir='ltr'><strong>tu,</strong></span> <span class='ocrx_word' id='word_1_70' title='bbox 371 1290 444 1334; x_wconf 89' lang='lat' dir='ltr'><strong>oum</strong></span> <span class='ocrx_word' id='word_1_71' title='bbox 457 1270 540 1336; x_wconf 83' lang='lat' dir='ltr'><strong>socia</strong></span> <span class='ocrx_word' id='word_1_72' title='bbox 553 1270 692 1354; x_wconf 81' lang='lat' dir='ltr'><strong>elipeum</strong></span> <span class='ocrx_word' id='word_1_73' title='bbox 704 1290 764 1354; x_wconf 89' lang='lat' dir='ltr'><strong>pro</strong></span> <span class='ocrx_word' id='word_1_74' title='bbox 777 1271 875 1335; x_wconf 80' lang='lat' dir='ltr'><strong>alasse</strong></span> <span class='ocrx_word' id='word_1_75' title='bbox 889 1271 1027 1348; x_wconf 84' lang='lat' dir='ltr'><strong>tenebas,</strong></span> 
     </span>
     <span class='ocr_line' id='line_1_12' title="bbox 225 1367 1077 1451; baseline 0.004 -21"><span class='ocrx_word' id='word_1_76' title='bbox 225 1367 310 1431; x_wconf 89' lang='lat' dir='ltr'><strong>solus</strong></span> <span class='ocrx_word' id='word_1_77' title='bbox 322 1387 403 1432; x_wconf 71' lang='lat' dir='ltr'><strong>eruet</strong></span> <span class='ocrx_word' id='word_1_78' title='bbox 423 1367 483 1432; x_wconf 88' lang='lat' dir='ltr'><strong>tibi</strong></span> <span class='ocrx_word' id='word_1_79' title='bbox 496 1368 591 1431; x_wconf 87' lang='lat' dir='ltr'><strong>turba</strong></span> <span class='ocrx_word' id='word_1_80' title='bbox 603 1389 717 1444; x_wconf 83' lang='lat' dir='ltr'><strong>eomes,</strong></span> <span class='ocrx_word' id='word_1_81' title='bbox 734 1368 815 1432; x_wconf 90' lang='lat' dir='ltr'><strong>mihi</strong></span> <span class='ocrx_word' id='word_1_82' title='bbox 832 1369 1077 1451; x_wconf 82' lang='lat' dir='ltr'><strong>eontigitunus.</strong></span> 
     </span>
     <span class='ocr_line' id='line_1_13' title="bbox 225 1464 984 1549; baseline 0.003 -22"><span class='ocrx_word' id='word_1_83' title='bbox 225 1464 289 1541; x_wconf 82' lang='lat' dir='ltr'><strong>Qui</strong></span> <span class='ocrx_word' id='word_1_84' title='bbox 302 1464 363 1528; x_wconf 91' lang='lat' dir='ltr'><strong>nisi</strong></span> <span class='ocrx_word' id='word_1_85' title='bbox 375 1485 551 1549; x_wconf 74' lang='lat' dir='ltr'><strong>pugnarem</strong></span> <span class='ocrx_word' id='word_1_86' title='bbox 564 1465 659 1530; x_wconf 86' lang='lat' dir='ltr'><strong>eoiret</strong></span> <span class='ocrx_word' id='word_1_87' title='bbox 672 1466 814 1549; x_wconf 78' lang='lat' dir='ltr'><strong>sapiente</strong></span> <span class='ocrx_word' id='word_1_88' title='bbox 827 1467 984 1531; x_wconf 87' lang='lat' dir='ltr'><strong>minorem</strong></span> 
     </span>
     <span class='ocr_line' id='line_1_14' title="bbox 225 1563 976 1647; baseline 0.003 -21"><span class='ocrx_word' id='word_1_89' title='bbox 225 1582 291 1626; x_wconf 90' lang='lat' dir='ltr'><strong>esse</strong></span> <span class='ocrx_word' id='word_1_90' title='bbox 304 1582 362 1626; x_wconf 88' lang='lat' dir='ltr'><strong>neo</strong></span> <span class='ocrx_word' id='word_1_91' title='bbox 374 1563 546 1628; x_wconf 85' lang='lat' dir='ltr'><strong>indomitae</strong></span> <span class='ocrx_word' id='word_1_92' title='bbox 559 1563 665 1628; x_wconf 88' lang='lat' dir='ltr'><strong>deberi</strong></span> <span class='ocrx_word' id='word_1_93' title='bbox 682 1564 822 1647; x_wconf 87' lang='lat' dir='ltr'><strong>praemia</strong></span> <span class='ocrx_word' id='word_1_94' title='bbox 836 1565 976 1642; x_wconf 84' lang='lat' dir='ltr'><strong>dextrae,</strong></span> 
     </span>
     <span class='ocr_line' id='line_1_15' title="bbox 225 1661 1131 1744; baseline 0.003 -21"><span class='ocrx_word' id='word_1_95' title='bbox 225 1661 293 1742; x_wconf 90' lang='lat' dir='ltr'><strong>ipee</strong></span> <span class='ocrx_word' id='word_1_96' title='bbox 307 1680 429 1744; x_wconf 90' lang='lat' dir='ltr'><strong>qnoque</strong></span> <span class='ocrx_word' id='word_1_97' title='bbox 441 1661 518 1724; x_wconf 88' lang='lat' dir='ltr'><strong>haee</strong></span> <span class='ocrx_word' id='word_1_98' title='bbox 531 1664 663 1744; x_wconf 89' lang='lat' dir='ltr'><strong>peteret.</strong></span> <span class='ocrx_word' id='word_1_99' title='bbox 707 1662 833 1726; x_wconf 91' lang='lat' dir='ltr'><strong>Peteret</strong></span> <span class='ocrx_word' id='word_1_100' title='bbox 846 1661 1039 1733; x_wconf 74' lang='lat' dir='ltr'><strong>moderatior</strong></span> <span class='ocrx_word' id='word_1_101' title='bbox 1052 1662 1131 1736; x_wconf 72' lang='lat' dir='ltr'><strong>Aiax</strong></span> 
     </span>
     <span class='ocr_line' id='line_1_16' title="bbox 225 1758 1086 1843; baseline 0.003 -22"><span class='ocrx_word' id='word_1_102' title='bbox 225 1758 468 1841; x_wconf 75' lang='lat' dir='ltr'><strong>Eurypylusque</strong></span> <span class='ocrx_word' id='word_1_103' title='bbox 480 1758 570 1822; x_wconf 73' lang='lat' dir='ltr'><strong>ferox</strong></span> <span class='ocrx_word' id='word_1_104' title='bbox 584 1760 730 1843; x_wconf 89' lang='lat' dir='ltr'><strong>olaroque</strong></span> <span class='ocrx_word' id='word_1_105' title='bbox 743 1759 969 1824; x_wconf 79' lang='lat' dir='ltr'><strong>Andraemone</strong></span> <span class='ocrx_word' id='word_1_106' title='bbox 982 1763 1086 1836; x_wconf 90' lang='lat' dir='ltr'><strong>natus,</strong></span> 
     </span>
     <span class='ocr_line' id='line_1_17' title="bbox 225 1847 1045 1940; baseline 0.002 -22"><span class='ocrx_word' id='word_1_107' title='bbox 225 1874 286 1919; x_wconf 88' lang='lat' dir='ltr'><strong>neo</strong></span> <span class='ocrx_word' id='word_1_108' title='bbox 298 1855 404 1920; x_wconf 88' lang='lat' dir='ltr'><strong>minus</strong></span> <span class='ocrx_word' id='word_1_109' title='bbox 417 1847 605 1921; x_wconf 88' lang='lat' dir='ltr'><strong>Idomeneus</strong></span> <span class='ocrx_word' id='word_1_110' title='bbox 618 1856 784 1940; x_wconf 87' lang='lat' dir='ltr'><strong>patriaque</strong></span> <span class='ocrx_word' id='word_1_111' title='bbox 798 1860 922 1922; x_wconf 84' lang='lat' dir='ltr'><strong>oreatus</strong></span> <span class='ocrx_word' id='word_1_112' title='bbox 935 1857 1045 1921; x_wconf 86' lang='lat' dir='ltr'><strong>eadem</strong></span> 
     </span>
     <span class='ocr_line' id='line_1_18' title="bbox 227 1953 940 2036; baseline 0.004 -20"><span class='ocrx_word' id='word_1_113' title='bbox 227 1953 530 2036; x_wconf 78' lang='lat' dir='ltr'><strong>Meriones„peteret</strong></span> <span class='ocrx_word' id='word_1_114' title='bbox 542 1953 669 2019; x_wconf 88' lang='lat' dir='ltr'><strong>maioris</strong></span> <span class='ocrx_word' id='word_1_115' title='bbox 682 1955 784 2018; x_wconf 80' lang='lat' dir='ltr'><strong>frater</strong></span> <span class='ocrx_word' id='word_1_116' title='bbox 796 1955 940 2019; x_wconf 86' lang='lat' dir='ltr'><strong>Atridae.</strong></span> 
     </span>
     <span class='ocr_line' id='line_1_19' title="bbox 227 2050 1118 2135; baseline 0.006 -22"><span class='ocrx_word' id='word_1_117' title='bbox 227 2050 351 2135; x_wconf 78' lang='lat' dir='ltr'><strong>Quippe</strong></span> <span class='ocrx_word' id='word_1_118' title='bbox 363 2052 581 2128; x_wconf 73' lang='lat' dir='ltr'><strong>manufortes,</strong></span> <span class='ocrx_word' id='word_1_119' title='bbox 598 2071 658 2116; x_wconf 89' lang='lat' dir='ltr'><strong>neo</strong></span> <span class='ocrx_word' id='word_1_120' title='bbox 671 2056 748 2116; x_wconf 90' lang='lat' dir='ltr'><strong>sunt</strong></span> <span class='ocrx_word' id='word_1_121' title='bbox 764 2052 845 2116; x_wconf 92' lang='lat' dir='ltr'><strong>mihi</strong></span> <span class='ocrx_word' id='word_1_122' title='bbox 860 2053 963 2117; x_wconf 85' lang='lat' dir='ltr'><strong>Marte</strong></span> <span class='ocrx_word' id='word_1_123' title='bbox 975 2054 1118 2118; x_wconf 82' lang='lat' dir='ltr'><strong>secundi:</strong></span> 
     </span>
     <span class='ocr_line' id='line_1_20' title="bbox 226 2148 951 2229; baseline 0.003 -17"><span class='ocrx_word' id='word_1_124' title='bbox 226 2148 364 2212; x_wconf 77' lang='lat' dir='ltr'><strong>consiliis</strong></span> <span class='ocrx_word' id='word_1_125' title='bbox 376 2169 492 2213; x_wconf 70' lang='lat' dir='ltr'><strong>oemere</strong></span> <span class='ocrx_word' id='word_1_126' title='bbox 505 2149 592 2229; x_wconf 73' lang='lat' dir='ltr'><strong>meis,</strong></span> <span class='ocrx_word' id='word_1_127' title='bbox 638 2149 711 2212; x_wconf 77' lang='lat' dir='ltr'><strong>Tibi</strong></span> <span class='ocrx_word' id='word_1_128' title='bbox 725 2152 856 2222; x_wconf 80' lang='lat' dir='ltr'><strong>dextera</strong></span> <span class='ocrx_word' id='word_1_129' title='bbox 868 2150 951 2215; x_wconf 84' lang='lat' dir='ltr'><strong>bello</strong></span> 
     </span>
     <span class='ocr_line' id='line_1_21' title="bbox 226 2245 1136 2330; baseline 0.005 -22"><span class='ocrx_word' id='word_1_130' title='bbox 226 2245 331 2309; x_wconf 77' lang='lat' dir='ltr'><strong>utilisr</strong></span> <span class='ocrx_word' id='word_1_131' title='bbox 351 2246 515 2330; x_wconf 79' lang='lat' dir='ltr'><strong>ingenium</strong></span> <span class='ocrx_word' id='word_1_132' title='bbox 528 2250 586 2324; x_wconf 86' lang='lat' dir='ltr'><strong>est,</strong></span> <span class='ocrx_word' id='word_1_133' title='bbox 603 2248 688 2330; x_wconf 90' lang='lat' dir='ltr'><strong>quod</strong></span> <span class='ocrx_word' id='word_1_134' title='bbox 702 2250 774 2329; x_wconf 88' lang='lat' dir='ltr'><strong>eget</strong></span> <span class='ocrx_word' id='word_1_135' title='bbox 788 2247 1003 2320; x_wconf 90' lang='lat' dir='ltr'><strong>moderamine</strong></span> <span class='ocrx_word' id='word_1_136' title='bbox 1016 2252 1136 2326; x_wconf 81' lang='lat' dir='ltr'><strong>nostro3</strong></span> 
     </span>
     <span class='ocr_line' id='line_1_22' title="bbox 226 2342 986 2426; baseline 0.003 -20"><span class='ocrx_word' id='word_1_137' title='bbox 226 2346 264 2407; x_wconf 91' lang='lat' dir='ltr'><strong>tu</strong></span> <span class='ocrx_word' id='word_1_138' title='bbox 277 2342 358 2408; x_wconf 85' lang='lat' dir='ltr'><strong>vires</strong></span> <span class='ocrx_word' id='word_1_139' title='bbox 369 2343 437 2408; x_wconf 89' lang='lat' dir='ltr'><strong>sine</strong></span> <span class='ocrx_word' id='word_1_140' title='bbox 451 2348 558 2408; x_wconf 87' lang='lat' dir='ltr'><strong>mente</strong></span> <span class='ocrx_word' id='word_1_141' title='bbox 570 2344 665 2426; x_wconf 86' lang='lat' dir='ltr'><strong>geris,</strong></span> <span class='ocrx_word' id='word_1_142' title='bbox 681 2344 762 2407; x_wconf 91' lang='lat' dir='ltr'><strong>mihi</strong></span> <span class='ocrx_word' id='word_1_143' title='bbox 777 2365 854 2409; x_wconf 83' lang='lat' dir='ltr'><strong>eura</strong></span> <span class='ocrx_word' id='word_1_144' title='bbox 866 2345 986 2422; x_wconf 83' lang='lat' dir='ltr'><strong>iut&#39;uri3</strong></span> 
     </span>
     <span class='ocr_line' id='line_1_23' title="bbox 226 2442 1011 2525; baseline 0.001 -21"><span class='ocrx_word' id='word_1_145' title='bbox 226 2445 264 2504; x_wconf 91' lang='lat' dir='ltr'><strong>tn</strong></span> <span class='ocrx_word' id='word_1_146' title='bbox 277 2461 417 2525; x_wconf 82' lang='lat' dir='ltr'><strong>pugnare</strong></span> <span class='ocrx_word' id='word_1_147' title='bbox 430 2444 529 2525; x_wconf 91' lang='lat' dir='ltr'><strong>potes,</strong></span> <span class='ocrx_word' id='word_1_148' title='bbox 545 2442 713 2524; x_wconf 91' lang='lat' dir='ltr'><strong>pugnandi</strong></span> <span class='ocrx_word' id='word_1_149' title='bbox 726 2446 871 2524; x_wconf 86' lang='lat' dir='ltr'><strong>tempora</strong></span> <span class='ocrx_word' id='word_1_150' title='bbox 884 2462 1011 2506; x_wconf 80' lang='lat' dir='ltr'><strong>meeum</strong></span> 
     </span>
     <span class='ocr_line' id='line_1_24' title="bbox 226 2538 955 2622; baseline 0 -20"><span class='ocrx_word' id='word_1_151' title='bbox 226 2538 318 2621; x_wconf 85' lang='lat' dir='ltr'><strong>eligit</strong></span> <span class='ocrx_word' id='word_1_152' title='bbox 331 2538 472 2618; x_wconf 81' lang='lat' dir='ltr'><strong>Atrides3</strong></span> <span class='ocrx_word' id='word_1_153' title='bbox 494 2542 531 2603; x_wconf 89' lang='lat' dir='ltr'><strong>tu</strong></span> <span class='ocrx_word' id='word_1_154' title='bbox 545 2542 674 2603; x_wconf 88' lang='lat' dir='ltr'><strong>tantum</strong></span> <span class='ocrx_word' id='word_1_155' title='bbox 687 2559 817 2622; x_wconf 88' lang='lat' dir='ltr'><strong>oorpore</strong></span> <span class='ocrx_word' id='word_1_156' title='bbox 830 2541 955 2621; x_wconf 88' lang='lat' dir='ltr'><strong>prodes,</strong></span> 
     </span>
     <span class='ocr_line' id='line_1_25' title="bbox 225 2636 1102 2719; baseline 0.002 -21"><span class='ocrx_word' id='word_1_157' title='bbox 225 2655 285 2700; x_wconf 90' lang='lat' dir='ltr'><strong>nos</strong></span> <span class='ocrx_word' id='word_1_158' title='bbox 297 2636 416 2712; x_wconf 83' lang='lat' dir='ltr'><strong>anim03</strong></span> <span class='ocrx_word' id='word_1_159' title='bbox 437 2639 618 2719; x_wconf 88' lang='lat' dir='ltr'><strong>quantoque</strong></span> <span class='ocrx_word' id='word_1_160' title='bbox 630 2640 730 2700; x_wconf 89' lang='lat' dir='ltr'><strong>ratem</strong></span> <span class='ocrx_word' id='word_1_161' title='bbox 747 2637 803 2719; x_wconf 89' lang='lat' dir='ltr'><strong>qui</strong></span> <span class='ocrx_word' id='word_1_162' title='bbox 816 2640 986 2718; x_wconf 88' lang='lat' dir='ltr'><strong>temperat,</strong></span> <span class='ocrx_word' id='word_1_163' title='bbox 1001 2637 1102 2700; x_wconf 78' lang='lat' dir='ltr'><strong>anteit</strong></span> 
     </span>
     <span class='ocr_line' id='line_1_26' title="bbox 226 2732 973 2819; baseline -0.001 -23"><span class='ocrx_word' id='word_1_164' title='bbox 226 2733 355 2816; x_wconf 90' lang='lat' dir='ltr'><strong>remigis</strong></span> <span class='ocrx_word' id='word_1_165' title='bbox 362 2733 516 2819; x_wconf 66' lang='lat' dir='ltr'><strong>¹oflloinm,</strong></span> <span class='ocrx_word' id='word_1_166' title='bbox 532 2737 651 2816; x_wconf 89' lang='lat' dir='ltr'><strong>quanto</strong></span> <span class='ocrx_word' id='word_1_167' title='bbox 665 2735 731 2797; x_wconf 88' lang='lat' dir='ltr'><strong>dux</strong></span> <span class='ocrx_word' id='word_1_168' title='bbox 746 2733 849 2796; x_wconf 88' lang='lat' dir='ltr'><strong>milite</strong></span> <span class='ocrx_word' id='word_1_169' title='bbox 862 2732 973 2810; x_wconf 90' lang='lat' dir='ltr'><strong>maior,</strong></span> 
     </span>
     <span class='ocr_line' id='line_1_27' title="bbox 226 2831 1124 2914; baseline -0.007 -20"><span class='ocrx_word' id='word_1_170' title='bbox 226 2833 355 2894; x_wconf 87' lang='lat' dir='ltr'><strong>tantum</strong></span> <span class='ocrx_word' id='word_1_171' title='bbox 367 2851 425 2913; x_wconf 93' lang='lat' dir='ltr'><strong>ego</strong></span> <span class='ocrx_word' id='word_1_172' title='bbox 438 2833 470 2894; x_wconf 88' lang='lat' dir='ltr'><strong>te</strong></span> <span class='ocrx_word' id='word_1_173' title='bbox 483 2851 606 2914; x_wconf 88' lang='lat' dir='ltr'><strong>supero.</strong></span> <span class='ocrx_word' id='word_1_174' title='bbox 651 2831 684 2894; x_wconf 85' lang='lat' dir='ltr'>N</span> <span class='ocrx_word' id='word_1_175' title='bbox 684 2850 720 2895; x_wconf 89' lang='lat' dir='ltr'><strong>eo</strong></span> <span class='ocrx_word' id='word_1_176' title='bbox 733 2849 800 2894; x_wconf 92' lang='lat' dir='ltr'><strong>non</strong></span> <span class='ocrx_word' id='word_1_177' title='bbox 813 2831 849 2892; x_wconf 93' lang='lat' dir='ltr'><strong>in</strong></span> <span class='ocrx_word' id='word_1_178' title='bbox 862 2849 993 2912; x_wconf 89' lang='lat' dir='ltr'><strong>oorpore</strong></span> <span class='ocrx_word' id='word_1_179' title='bbox 1003 2833 1124 2894; x_wconf 88' lang='lat' dir='ltr'><strong>nostro.</strong></span> 
     </span>
     <span class='ocr_line' id='line_1_28' title="bbox 226 2926 1067 3011; baseline -0.002 -18"><span class='ocrx_word' id='word_1_180' title='bbox 226 2932 354 3010; x_wconf 88' lang='lat' dir='ltr'><strong>peotora</strong></span> <span class='ocrx_word' id='word_1_181' title='bbox 366 2932 442 2991; x_wconf 87' lang='lat' dir='ltr'><strong>sunt</strong></span> <span class='ocrx_word' id='word_1_182' title='bbox 453 2928 577 3011; x_wconf 90' lang='lat' dir='ltr'><strong>potiora</strong></span> <span class='ocrx_word' id='word_1_183' title='bbox 589 2948 702 3008; x_wconf 81' lang='lat' dir='ltr'><strong>mann:</strong></span> <span class='ocrx_word' id='word_1_184' title='bbox 724 2927 814 3010; x_wconf 86' lang='lat' dir='ltr'><strong>rigor</strong></span> <span class='ocrx_word' id='word_1_185' title='bbox 827 2926 932 2990; x_wconf 89' lang='lat' dir='ltr'><strong>omnis</strong></span> <span class='ocrx_word' id='word_1_186' title='bbox 945 2928 980 2990; x_wconf 90' lang='lat' dir='ltr'><strong>in</strong></span> <span class='ocrx_word' id='word_1_187' title='bbox 993 2926 1067 2991; x_wconf 88' lang='lat' dir='ltr'><strong>illis.</strong></span> 
     </span>
     <span class='ocr_line' id='line_1_29' title="bbox 310 3025 1125 3108; baseline 0.001 -21"><span class='ocrx_word' id='word_1_188' title='bbox 310 3026 375 3089; x_wconf 80' lang='lat' dir='ltr'><strong>‘At</strong></span> <span class='ocrx_word' id='word_1_189' title='bbox 386 3045 450 3103; x_wconf 75' lang='lat' dir='ltr'><strong>ros,</strong></span> <span class='ocrx_word' id='word_1_190' title='bbox 468 3047 486 3090; x_wconf 98' lang='lat' dir='ltr'><strong>o</strong></span> <span class='ocrx_word' id='word_1_191' title='bbox 499 3045 652 3107; x_wconf 89' lang='lat' dir='ltr'><strong>prooeres,</strong></span> <span class='ocrx_word' id='word_1_192' title='bbox 668 3025 759 3108; x_wconf 83' lang='lat' dir='ltr'><strong>vigili</strong></span> <span class='ocrx_word' id='word_1_193' title='bbox 773 3025 847 3088; x_wconf 89' lang='lat' dir='ltr'><strong>date</strong></span> <span class='ocrx_word' id='word_1_194' title='bbox 860 3026 1002 3108; x_wconf 87' lang='lat' dir='ltr'><strong>praemia</strong></span> <span class='ocrx_word' id='word_1_195' title='bbox 1013 3028 1125 3103; x_wconf 85' lang='lat' dir='ltr'><strong>vestro,</strong></span> 
     </span>
     <span class='ocr_line' id='line_1_30' title="bbox 226 3121 1010 3205; baseline 0 -20"><span class='ocrx_word' id='word_1_196' title='bbox 226 3133 346 3205; x_wconf 89' lang='lat' dir='ltr'><strong>proque</strong></span> <span class='ocrx_word' id='word_1_197' title='bbox 358 3126 408 3186; x_wconf 87' lang='lat' dir='ltr'><strong>tot</strong></span> <span class='ocrx_word' id='word_1_198' title='bbox 420 3141 576 3186; x_wconf 88' lang='lat' dir='ltr'><strong>annorum</strong></span> <span class='ocrx_word' id='word_1_199' title='bbox 589 3143 676 3198; x_wconf 86' lang='lat' dir='ltr'><strong>onra,</strong></span> <span class='ocrx_word' id='word_1_200' title='bbox 693 3123 808 3204; x_wconf 92' lang='lat' dir='ltr'><strong>quibus</strong></span> <span class='ocrx_word' id='word_1_201' title='bbox 821 3122 936 3185; x_wconf 88' lang='lat' dir='ltr'><strong>anxins</strong></span> <span class='ocrx_word' id='word_1_202' title='bbox 948 3121 1010 3204; x_wconf 89' lang='lat' dir='ltr'><strong>egi,</strong></span> 
     </span>
     <span class='ocr_line' id='line_1_31' title="bbox 226 3217 1083 3303; baseline -0.001 -21"><span class='ocrx_word' id='word_1_203' title='bbox 226 3219 315 3283; x_wconf 87' lang='lat' dir='ltr'><strong>hune</strong></span> <span class='ocrx_word' id='word_1_204' title='bbox 328 3219 459 3282; x_wconf 89' lang='lat' dir='ltr'><strong>titulum</strong></span> <span class='ocrx_word' id='word_1_205' title='bbox 472 3219 594 3286; x_wconf 87' lang='lat' dir='ltr'><strong>meritis</strong></span> <span class='ocrx_word' id='word_1_206' title='bbox 606 3220 806 3303; x_wconf 85' lang='lat' dir='ltr'><strong>pensandum</strong></span> <span class='ocrx_word' id='word_1_207' title='bbox 820 3219 944 3282; x_wconf 88' lang='lat' dir='ltr'><strong>reddite</strong></span> <span class='ocrx_word' id='word_1_208' title='bbox 957 3217 1083 3282; x_wconf 89' lang='lat' dir='ltr'><strong>nostris.</strong></span> 
     </span>
     <span class='ocr_line' id='line_1_32' title="bbox 226 3315 988 3381; baseline 0 -2"><span class='ocrx_word' id='word_1_209' title='bbox 226 3315 296 3380; x_wconf 88' lang='lat' dir='ltr'><strong>Iam</strong></span> <span class='ocrx_word' id='word_1_210' title='bbox 311 3317 397 3380; x_wconf 86' lang='lat' dir='ltr'><strong>labor</strong></span> <span class='ocrx_word' id='word_1_211' title='bbox 408 3316 444 3380; x_wconf 91' lang='lat' dir='ltr'><strong>in</strong></span> <span class='ocrx_word' id='word_1_212' title='bbox 457 3317 520 3381; x_wconf 90' lang='lat' dir='ltr'><strong>fine</strong></span> <span class='ocrx_word' id='word_1_213' title='bbox 533 3321 595 3381; x_wconf 89' lang='lat' dir='ltr'><strong>est:</strong></span> <span class='ocrx_word' id='word_1_214' title='bbox 616 3317 775 3381; x_wconf 87' lang='lat' dir='ltr'><strong>obstantia</strong></span> <span class='ocrx_word' id='word_1_215' title='bbox 787 3317 856 3380; x_wconf 80' lang='lat' dir='ltr'><strong>iata</strong></span> <span class='ocrx_word' id='word_1_216' title='bbox 869 3317 988 3380; x_wconf 80' lang='lat' dir='ltr'><strong>removi</strong></span> 
     </span>
     <span class='ocr_line' id='line_1_33' title="bbox 225 3414 956 3498; baseline 0 -19"><span class='ocrx_word' id='word_1_217' title='bbox 225 3415 352 3498; x_wconf 87' lang='lat' dir='ltr'><strong>altaque</strong></span> <span class='ocrx_word' id='word_1_218' title='bbox 364 3435 453 3498; x_wconf 90' lang='lat' dir='ltr'><strong>posse</strong></span> <span class='ocrx_word' id='word_1_219' title='bbox 465 3415 536 3498; x_wconf 87' lang='lat' dir='ltr'><strong>aopi</strong></span> <span class='ocrx_word' id='word_1_220' title='bbox 549 3415 695 3479; x_wconf 81' lang='lat' dir='ltr'><strong>iaciendo</strong></span> <span class='ocrx_word' id='word_1_221' title='bbox 710 3415 865 3496; x_wconf 89' lang='lat' dir='ltr'><strong>Pergama</strong></span> <span class='ocrx_word' id='word_1_222' title='bbox 877 3414 956 3497; x_wconf 82' lang='lat' dir='ltr'><strong>cepi.</strong></span> 
     </span>
     <span class='ocr_line' id='line_1_34' title="bbox 227 3513 1039 3596; baseline -0.001 -20"><span class='ocrx_word' id='word_1_223' title='bbox 227 3513 289 3576; x_wconf 89' lang='lat' dir='ltr'><strong>Per</strong></span> <span class='ocrx_word' id='word_1_224' title='bbox 302 3533 371 3595; x_wconf 91' lang='lat' dir='ltr'><strong>spes</strong></span> <span class='ocrx_word' id='word_1_225' title='bbox 384 3533 470 3577; x_wconf 85' lang='lat' dir='ltr'><strong>nuno</strong></span> <span class='ocrx_word' id='word_1_226' title='bbox 483 3513 580 3576; x_wconf 84' lang='lat' dir='ltr'><strong>socias</strong></span> <span class='ocrx_word' id='word_1_227' title='bbox 593 3533 766 3596; x_wconf 73' lang='lat' dir='ltr'><strong>casuraque</strong></span> <span class='ocrx_word' id='word_1_228' title='bbox 780 3513 906 3576; x_wconf 87' lang='lat' dir='ltr'><strong>moenia</strong></span> <span class='ocrx_word' id='word_1_229' title='bbox 920 3513 1039 3577; x_wconf 81' lang='lat' dir='ltr'><strong>Troum</strong></span> 
     </span>
     <span class='ocr_line' id='line_1_35' title="bbox 225 3609 1002 3696; baseline -0.003 -22"><span class='ocrx_word' id='word_1_230' title='bbox 225 3629 344 3696; x_wconf 87' lang='lat' dir='ltr'><strong>perque</strong></span> <span class='ocrx_word' id='word_1_231' title='bbox 357 3610 429 3674; x_wconf 91' lang='lat' dir='ltr'><strong>deos</strong></span> <span class='ocrx_word' id='word_1_232' title='bbox 442 3631 507 3686; x_wconf 89' lang='lat' dir='ltr'><strong>oro,</strong></span> <span class='ocrx_word' id='word_1_233' title='bbox 523 3631 601 3694; x_wconf 89' lang='lat' dir='ltr'><strong>qnos</strong></span> <span class='ocrx_word' id='word_1_234' title='bbox 614 3610 698 3674; x_wconf 87' lang='lat' dir='ltr'><strong>hosti</strong></span> <span class='ocrx_word' id='word_1_235' title='bbox 713 3629 817 3694; x_wconf 91' lang='lat' dir='ltr'><strong>nuper</strong></span> <span class='ocrx_word' id='word_1_236' title='bbox 830 3609 944 3686; x_wconf 88' lang='lat' dir='ltr'><strong>ademi,</strong></span> <span class='ocrx_word' id='word_1_237' title='bbox 999 3689 1002 3694; x_wconf 90' lang='lat'><em>.</em></span> 
     </span>
     <span class='ocr_line' id='line_1_36' title="bbox 225 3707 1078 3792; baseline -0.001 -21"><span class='ocrx_word' id='word_1_238' title='bbox 225 3727 284 3790; x_wconf 87' lang='lat' dir='ltr'><strong>per</strong></span> <span class='ocrx_word' id='word_1_239' title='bbox 297 3707 399 3791; x_wconf 89' lang='lat' dir='ltr'><strong>siquid</strong></span> <span class='ocrx_word' id='word_1_240' title='bbox 413 3711 563 3792; x_wconf 86' lang='lat' dir='ltr'><strong>superest,</strong></span> <span class='ocrx_word' id='word_1_241' title='bbox 581 3709 664 3792; x_wconf 88' lang='lat' dir='ltr'><strong>quod</strong></span> <span class='ocrx_word' id='word_1_242' title='bbox 679 3707 722 3772; x_wconf 89' lang='lat' dir='ltr'><strong>sit</strong></span> <span class='ocrx_word' id='word_1_243' title='bbox 735 3707 894 3791; x_wconf 90' lang='lat' dir='ltr'><strong>sapienter</strong></span> <span class='ocrx_word' id='word_1_244' title='bbox 908 3707 1078 3790; x_wconf 86' lang='lat' dir='ltr'><strong>agendum,</strong></span> 
     </span>
     <span class='ocr_line' id='line_1_37' title="bbox 226 3800 1116 3889; baseline -0.003 -19"><span class='ocrx_word' id='word_1_245' title='bbox 226 3805 328 3888; x_wconf 88' lang='lat' dir='ltr'><strong>siquid</strong></span> <span class='ocrx_word' id='word_1_246' title='bbox 343 3806 448 3869; x_wconf 83' lang='lat' dir='ltr'><strong>adhue</strong></span> <span class='ocrx_word' id='word_1_247' title='bbox 461 3800 563 3871; x_wconf 89' lang='lat' dir='ltr'><strong>audax</strong></span> <span class='ocrx_word' id='word_1_248' title='bbox 577 3826 615 3870; x_wconf 85' lang='lat' dir='ltr'><strong>er</strong></span> <span class='ocrx_word' id='word_1_249' title='bbox 628 3805 858 3889; x_wconf 80' lang='lat' dir='ltr'><strong>praecipitique</strong></span> <span class='ocrx_word' id='word_1_250' title='bbox 871 3806 1046 3889; x_wconf 90' lang='lat' dir='ltr'><strong>petendum</strong></span> <span class='ocrx_word' id='word_1_251' title='bbox 1060 3807 1116 3881; x_wconf 89' lang='lat' dir='ltr'><strong>est,</strong></span> 
     </span>
     <span class='ocr_line' id='line_1_38' title="bbox 226 3902 1080 3978; baseline -0.002 -11"><span class='ocrx_word' id='word_1_252' title='bbox 226 3907 292 3967; x_wconf 89' lang='lat' dir='ltr'><strong>este</strong></span> <span class='ocrx_word' id='word_1_253' title='bbox 306 3903 367 3968; x_wconf 91' lang='lat' dir='ltr'><strong>mei</strong></span> <span class='ocrx_word' id='word_1_254' title='bbox 381 3908 546 3968; x_wconf 86' lang='lat' dir='ltr'><strong>memores!</strong></span> <span class='ocrx_word' id='word_1_255' title='bbox 588 3903 696 3968; x_wconf 83' lang='lat' dir='ltr'><strong>Antei</strong></span> <span class='ocrx_word' id='word_1_256' title='bbox 712 3903 791 3966; x_wconf 89' lang='lat' dir='ltr'><strong>mihi</strong></span> <span class='ocrx_word' id='word_1_257' title='bbox 806 3923 872 3966; x_wconf 89' lang='lat' dir='ltr'><strong>non</strong></span> <span class='ocrx_word' id='word_1_258' title='bbox 886 3902 969 3967; x_wconf 84' lang='lat' dir='ltr'><strong>datie</strong></span> <span class='ocrx_word' id='word_1_259' title='bbox 982 3922 1080 3978; x_wconf 88' lang='lat' dir='ltr'><strong>arma,</strong></span> 
     </span>
     <span class='ocr_line' id='line_1_39' title="bbox 225 3999 1115 4084; baseline -0.001 -18"><span class='ocrx_word' id='word_1_260' title='bbox 225 4000 304 4066; x_wconf 86' lang='lat' dir='ltr'><strong>huie</strong></span> <span class='ocrx_word' id='word_1_261' title='bbox 316 4003 401 4067; x_wconf 78' lang='lat' dir='ltr'><strong>date!</strong></span> <span class='ocrx_word' id='word_1_262' title='bbox 413 4002 422 4034; x_wconf 91' lang='lat'>’</span> <span class='ocrx_word' id='word_1_263' title='bbox 436 4037 477 4050; x_wconf 91' lang='lat'><em>-</em></span> <span class='ocrx_word' id='word_1_264' title='bbox 491 4005 524 4065; x_wconf 91' lang='lat' dir='ltr'><strong>et</strong></span> <span class='ocrx_word' id='word_1_265' title='bbox 538 4000 677 4072; x_wconf 88' lang='lat' dir='ltr'><strong>ostendit</strong></span> <span class='ocrx_word' id='word_1_266' title='bbox 691 3999 819 4084; x_wconf 89' lang='lat' dir='ltr'><strong>signnm</strong></span> <span class='ocrx_word' id='word_1_267' title='bbox 834 4001 932 4066; x_wconf 79' lang='lat' dir='ltr'><strong>fatale</strong></span> <span class='ocrx_word' id='word_1_268' title='bbox 946 4000 1115 4076; x_wconf 82' lang='lat' dir='ltr'><strong>Minervae.</strong></span> 
     </span>
    </p>
   </div>
   <div class='ocr_carea' id='block_1_3' title="bbox 0 0 1669 4462">
    <p class='ocr_par' dir='ltr' id='par_1_3' title="bbox 0 0 1669 4462">
     <span class='ocr_line' id='line_1_40' title="bbox 0 0 1669 4462; baseline 0 0"><span class='ocrx_word' id='word_1_269' title='bbox 0 0 1669 4462; x_wconf 95' lang='lat' dir='ltr'><strong> </strong></span> 
     </span>
    </p>
   </div>
  </div>
 </body>
</html>
