3322 4462
225 230 268 298 26
421 247 451 294 r.
476 246 590 293 ovrnrr
609 245 757 294 nisenus
778 243 940 292 ussurus
962 243 1120 292 sumere.

225 397 358 474 ‘Icare,'
373 396 457 461 dixit
473 396 548 461 ‘ubi
562 399 618 462 es?
638 418 699 481 qua
712 401 743 461 ta
756 396 884 480 regione
897 396 1056 480 requiram
1065 395 1101 460 i’

224 496 351 560 ‘icere'
368 495 507 560 dicebat:
527 515 646 580 pennas
659 496 802 579 adspexit
814 495 850 559 in
863 495 960 560 undis

221 595 411 679 devovitque
425 616 497 660 suas
510 601 591 661 artes
603 616 775 680 corpusque
789 596 932 678 sepulcro

222 694 375 759 condidit.
421 694 467 759 Et
480 695 574 760 tellus
585 717 605 759 a
617 695 744 760 nomine
757 694 843 758 dicta
855 692 982 778 sepulti.

425 1019 476 1083 10.
519 965 775 1082 russanen
796 1016 908 1120 iun,
925 1013 1112 1098 cincre.

600 1213 678 1258 usur.
694 1212 773 1257 vrrr.
791 1197 945 1330 ott-‘iffa

302 1375 451 1459 Iuppiter
463 1376 528 1440 huc
541 1267 929 1471 Qcmofflumiu‘e
941 1316 1074 1457 paionte

221 1475 312 1538 venit
325 1473 527 1537 Atlantiades
540 1471 648 1556 positis
661 1471 820 1536 caducifer
833 1471 900 1535 alis.

223 1572 312 1635 Mille
325 1572 436 1635 domos
449 1570 563 1647 adiere,
578 1572 683 1634 locum
696 1570 898 1653 requiemque
913 1573 1065 1653 petentes,

222 1670 310 1733 mille
324 1670 435 1733 domos
448 1670 585 1733 clausere
598 1688 690 1732 serae
734 1668 856 1732 Tamen
868 1688 934 1731 una
946 1667 1077 1750 recepit,

221 1786 319 1850 persa
333 1767 473 1849 quidem,
490 1766 615 1849 stipulis
627 1768 660 1830 et
672 1785 774 1829 canna
786 1769 871 1830 tecta
883 1764 1033 1848 palustri3

220 1865 278 1928 sed
297 1867 351 1948 pia
367 1865 483 1928 Baucis
495 1884 574 1928 auus
587 1863 739 1947 parilique
752 1867 854 1927 aetate
869 1862 1037 1926 Philemon

222 1962 368 2069 illqsunt
382 1962 475 2055 annis
488 1961 591 2032 iuncti
603 1960 808 2076 iurenullibus,
825 1961 881 2026 illa

222 2058 414 2124 consenuere
428 2079 499 2124 casa
511 2062 788 2143 paupertatemque
801 2058 933 2123 latendo

222 2159 352 2222 effecere
364 2157 466 2221 levem
480 2176 539 2220 nec
552 2156 661 2240 iniqua
673 2159 778 2219 mente
791 2156 933 2220 terendo.

222 2255 291 2318 Nec
305 2255 414 2330 refert,
431 2253 575 2317 dominos
588 2252 654 2316 illic
670 2253 846 2318 famulosne
860 2253 1015 2336 requiras:

222 2355 292 2415 tota
305 2353 418 2415 domus
432 2351 497 2413 duo
511 2354 596 2426 snut,
612 2350 694 2413 idem
708 2354 883 2433 parentque
896 2349 1080 2434 iubentque.

304 2449 391 2530 Ergo
405 2447 461 2511 ubi
475 2448 636 2512 caelicolae
648 2467 760 2530 perros
774 2448 906 2529 tetigere
918 2453 1050 2531 penates

223 2547 440 2628 submissoque
452 2545 588 2609 humiles
600 2546 761 2608 intrarunt
774 2547 892 2609 vertice
905 2549 1020 2628 postes,

223 2645 365 2708 membra
379 2663 474 2707 senex
487 2643 589 2725 posito
597 2642 843 2802 'Qitdrelevare
857 2643 958 2718 sedili,

224 2762 287 2824 quo
301 2740 507 2823 superiniecit
519 2743 641 2803 textum
654 2760 692 2803 ru
715 2741 855 2804 csedula
869 2740 993 2804 Baucis.

224 2841 327 2922 Inque
341 2840 413 2902 loco
427 2838 571 2920 tepidum
584 2838 720 2900 cinerem
734 2838 868 2902 diruerit
881 2841 914 2901 et
927 2838 1017 2920 ignes

224 2937 356 3001 suscitat
368 2936 542 3010 hesternos,
557 2934 701 3017 foliisque
714 2937 747 2998 et
760 2935 876 2998 cortice
890 2935 970 2998 sicco

224 3034 330 3098 nutrit
343 3039 376 3096 ot
390 3033 430 3095 ad
445 3032 585 3095 flammas
598 3031 703 3095 anima
715 3032 866 3115 producit
877 3033 966 3095 anili.

225 3131 464 3211 Multifidasque
477 3127 561 3193 iaces
574 3128 761 3211 ramaliaque
774 3129 862 3192 arida
878 3132 959 3193 tecto

224 3227 344 3292 detulit
357 3228 391 3289 et
404 3226 523 3288 minuit
535 3245 691 3308 parvoque
702 3226 844 3314 admovit
857 3233 945 3290 aeuo.

225 3325 381 3406 Quodque
394 3344 471 3386 suus
484 3325 621 3388 coniunx
634 3323 725 3403 riguo
739 3325 918 3406 conlegerat
929 3324 1035 3401 horto,

225 3425 356 3486 moneat
368 3421 464 3485 holus
476 3421 575 3499 foliis3
597 3422 686 3497 furca
699 3421 782 3484 levat
796 3422 852 3485 illa
863 3421 985 3486 bicorni

225 3521 352 3585 sordida
365 3523 455 3601 terga
469 3518 534 3582 suis
546 3519 637 3600 nigro
648 3519 821 3601 pendentia
835 3520 924 3602 tigno

224 3625 411 3701 servatoque
425 3617 483 3680 diu
496 3621 612 3680 msecat
625 3617 664 3679 de
677 3621 800 3699 tergore
814 3622 936 3700 partem

225 3716 372 3800 exiguam
387 3725 565 3797 sectamque
579 3710 895 3779 domct²ferreutibus
908 3715 1012 3780 undis.

305 3815 433 3877 Interea
446 3813 564 3877 medias
578 3812 695 3876 fallunt
709 3813 905 3877 sermonibus
917 3813 1010 3878 horus

224 3913 477 3996 concutiuntque
492 3917 597 3976 torum
610 3912 649 3976 de
661 3912 749 3976 molli
764 3913 905 3977 fluminis
919 3912 992 3976 ulra

225 4011 412 4098 impositum
426 4012 519 4090 lecto,
535 4011 654 4096 sponda
666 4011 861 4096 pedibusque
875 4011 1014 4095 salignis.
