3322 4462
715 247 833 296 nors
852 249 893 296 ro
914 248 1034 300 risor-
1131 311 1137 320 ,

340 402 426 480 Quae
439 421 489 466 me
503 421 568 466 non
581 420 718 486 pomum,
731 399 823 485 potui
835 400 936 484 sopire
949 401 1132 482 draconem

378 500 488 565 utilior
500 499 601 564 cuivis
615 520 706 583 quem
720 498 799 562 mihi
813 519 889 563 cure
901 519 971 564 mee
983 506 1041 564 cst.

340 598 424 676 Quos
437 617 495 680 ego
509 597 638 675 servavi,
653 597 760 680 peclex
772 596 975 680 amplectitur
988 599 1086 675 artus,

378 700 412 760 et
425 694 525 760 nostri
537 696 662 758 tructus
674 695 729 759 illc
741 693 854 758 loboris
867 693 971 759 habet.

339 793 485 858 Forsitcn
498 795 541 869 et,
557 793 671 856 stultae
683 792 760 855 dum
773 794 806 855 te
818 790 932 856 icctore
945 791 1076 856 marites

379 891 503 976 quoeris
514 894 548 954 et
560 891 686 954 iniustis
698 889 825 954 curibus
838 893 912 972 opto
924 891 1022 972 loqui,

339 989 375 1053 in
388 989 503 1054 taciem
515 1008 676 1071 moresque
688 1007 771 1051 meos
784 1006 865 1051 nors
878 987 1013 1052 crimino
1024 988 1139 1070 finges:

379 1086 482 1150 rideat
494 1088 528 1149 et
539 1084 625 1149 vitiis
636 1086 717 1150 laets
729 1085 771 1149 sit
783 1084 839 1148 illc
851 1084 943 1149 meis:

340 1185 443 1249 rideet
455 1187 488 1247 et
502 1183 597 1266 Tyrio
610 1183 708 1247 isoeet
719 1182 862 1247 sublimis
874 1182 909 1246 in
922 1185 1022 1246 ostro:

380 1281 478 1358 debit,
494 1282 527 1345 et
539 1281 663 1345 ardores
676 1281 779 1344 vincet
791 1280 903 1344 edustc
914 1284 1014 1343 meos!

341 1379 429 1442 Dum
441 1380 564 1443 terrum
570 1378 776 1462 dammasque
789 1378 924 1442 ederunt
937 1395 1093 1459 sucusque
1105 1376 1230 1454 veneni,

346 1550 351 1562 Ι
379 1477 479 1541 hostis
492 1477 620 1540 Medeae
633 1477 738 1541 nullus
750 1474 873 1539 inuitus
886 1475 955 1540 erit.

342 1574 460 1652 Quodsi
473 1573 557 1637 forte
569 1593 676 1656 preces
687 1573 866 1658 praecordis
878 1574 981 1637 terreo
993 1575 1144 1654 tangunt,

380 1691 467 1735 nunc
480 1670 594 1735 animis
606 1671 681 1735 cudi
693 1672 786 1735 verbo
797 1670 919 1734 minore
931 1671 1021 1734 meis.

341 1767 422 1832 Tem
435 1768 495 1832 tibi
508 1788 579 1831 sum
592 1769 732 1852 supplex,
747 1789 841 1850 quem
855 1771 893 1830 tu
905 1767 988 1830 mihi
1001 1787 1092 1850 saepe
1105 1766 1212 1830 fuisti:

381 1887 440 1932 nec
452 1886 557 1930 moror
568 1871 643 1930 ente
655 1870 727 1930 tuos
737 1864 938 1950 procubuisse
951 1866 1058 1949 pedes.

343 1964 377 2029 si
393 1964 450 2028 tibi
463 1984 534 2028 sum
547 1963 628 2041 vilis,
643 1963 817 2028 communis
829 1962 948 2046 respice
961 1965 1066 2027 notos:

381 2061 497 2127 seeviet
509 2062 545 2125 in
557 2065 666 2144 portus
677 2062 746 2126 dire
756 2081 889 2126 noreros
901 2081 997 2148 meos.

343 2159 388 2222 Et
400 2159 537 2222 nimium
550 2159 665 2223 similes
676 2159 735 2222 tibi
747 2161 834 2234 sunt,
849 2163 882 2221 et
895 2157 1034 2241 imagine
1046 2160 1172 2240 tangor,

382 2259 416 2321 et
429 2257 573 2340 quotiens
584 2258 685 2334 video,
698 2256 822 2320 lumino
832 2262 941 2320 nostro
953 2256 1093 2319 madent

345 2347 406 2418 Per
417 2374 545 2437 superos
557 2375 622 2430 oro,
636 2374 693 2437 per
704 2353 804 2418 avitae
816 2353 939 2417 lumine
952 2354 1106 2428 flammae,

383 2471 442 2536 per
454 2450 604 2530 meritum
616 2455 649 2515 et
660 2455 760 2526 notos,
773 2450 907 2534 pignora
918 2452 1037 2526 nostra,
1052 2450 1148 2512 duos:
1236 2479 1242 2487 ·

344 2549 440 2611 redde
453 2551 570 2622 torum,
584 2567 642 2631 pro
654 2568 716 2631 quo
727 2549 777 2610 tot
789 2567 838 2610 ros
849 2547 959 2609 insons
971 2545 1100 2627 reliqui3

384 2645 465 2709 odde
477 2645 573 2708 fldem
585 2643 678 2708 dictis
689 2643 902 2726 auxiliumque
915 2644 1008 2726 refer.

344 2742 378 2806 N
378 2762 420 2805 on
432 2761 491 2824 ego
504 2743 536 2803 te
549 2741 680 2823 imploro
692 2743 802 2804 contro
813 2743 981 2822 taurosque
994 2738 1149 2821 virosque,

384 2841 483 2922 utque
496 2839 553 2900 tue
565 2857 689 2920 serpens
700 2837 783 2902 ricto
796 2835 934 2918 quiescet
946 2855 1021 2918 ope:

344 2939 378 3000 te
390 2939 474 3019 pete,
490 2955 584 3019 quem
596 2934 705 3010 merui,
721 2954 813 3018 quem
826 2932 916 2997 nobis
929 2933 997 3016 ipse
1010 2931 1136 3007 dedisti,

384 3053 457 3096 oum
471 3052 534 3115 quo
546 3052 616 3095 sum
629 3031 744 3114 pariter
756 3032 840 3094 facto
852 3033 984 3113 parente
996 3048 1120 3113 parens.

345 3131 410 3194 Dos
423 3129 478 3193 ubi
491 3129 544 3205 sit,
561 3122 703 3212 quserist'
743 3128 861 3211 (tempo
873 3126 1110 3192 numeravimus
1122 3125 1189 3202 illo,

384 3227 439 3310 qui
453 3226 513 3290 tibi
526 3226 628 3291 loturo
641 3228 738 3291 vellus
750 3227 887 3289 arandus
899 3229 976 3289 eret.
1369 3225 1430 3286 200

345 3315 477 3388 At'vero
490 3323 543 3388 ille
555 3324 636 3388 eries
647 3325 721 3388 villo
733 3322 910 3406 spectabilis
923 3329 1028 3397 aureo,

386 3423 443 3486 dos
455 3441 535 3484 mec.
563 3421 717 3498 “Quom’
731 3420 834 3484 dicam
847 3419 873 3483 si
887 3419 947 3483 tibi
962 3417 1102 3493 ‘redde,’
1118 3435 1222 3499 neges.
1284 3407 1321 3443 ²

347 3519 413 3583 Dos
425 3539 496 3583 meo
507 3522 546 3581 tu
559 3538 669 3601 sospes
711 3518 775 3582 Dos
788 3521 918 3582 estmoe
931 3514 1027 3580 Greia
1039 3504 1198 3578 intentus.

386 3616 515 3692 Inuno,
532 3614 698 3698 Sisyphios,
713 3602 863 3698 improbe,
878 3615 989 3678 confer
1001 3631 1084 3695 opes
1176 3673 1178 3676 ,

348 3713 439 3790 Quod
453 3712 543 3789 vivis,
560 3714 643 3796 quod
654 3713 747 3778 hebes
759 3715 893 3795 nuptam
906 3728 1111 3793 socerumque
1123 3706 1275 3791 potentis,
1372 3709 1431 3770 205

386 3812 447 3876 hoc
460 3810 575 3894 ipsum,
590 3807 731 3901 ingratus
743 3812 826 3894 quod
839 3813 927 3893 potes
940 3829 1016 3885 esse,
1032 3826 1140 3870 meum
1152 3806 1210 3869 est.

348 3910 433 3988 Quos
445 3908 592 3992 equidem
605 3912 746 3988 actutum
754 3906 799 3959 ’-
812 3909 865 3973 sed
878 3907 956 3991 quid
969 3905 1148 3989 praedicere
1160 3921 1296 3986 poenam

387 4007 527 4073 attinet?
566 4007 709 4090 Ingentis
720 4007 855 4092 parturit
868 4005 916 4070 ire
928 4004 1040 4080 mines.
